2900 4834
1210 317 1262 386 73·

115 635 117 640 Ι
148 536 236 636 quud
251 535 432 634 displiceat:
451 535 525 608 dian
543 549 666 608 autem:
684 535 843 618 οὕστινας
857 536 997 630 λέγεις
1011 536 1174 630 λόγους,
1195 562 1257 609 non

149 657 236 754 quod
265 681 325 752 pen
353 679 390 727 se
417 654 527 753 inepta
555 681 594 728 ea
622 655 762 728 iudicem
782 671 975 754 antegressa
994 657 1092 728 verbo
1120 656 1260 744 dicendi,

148 817 194 828 -
220 773 334 846 similia
353 773 437 845 enim
455 772 739 846 Schneidewin.
760 773 802 846 ad
820 773 922 872 Soph.
946 772 1026 846 Phil.
1047 774 1120 847 559
1139 773 1259 848 attulit:

147 891 250 991 Soph.
271 891 353 966 Oed.
374 892 412 966 R.
433 893 522 966 655:
544 891 677 987 φράζε
693 893 752 988 δή,
770 891 805 963 τί
816 894 909 988 φήςς
933 892 1014 966 Plat.
1030 892 1130 991 legg.
1145 893 1207 965 Vll.
1224 918 1257 991 p.
1324 913 1328 926 ’

145 1012 230 1086 819.
256 1011 309 1086 Ea
335 1010 417 1104 λέγ’
438 1009 461 1082 5
484 1035 514 1082 τι
538 1011 597 1084 καὶ
622 1013 711 1107 φής.
740 1010 823 1084 Xen.
844 1012 946 1084 Anab.
968 1013 1003 1102 tl,
1024 1014 1057 1101 1,
1080 1013 1141 1086 15:
1162 1011 1204 1084 σι)
1222 1013 1256 1084 δ’

146 1132 223 1227 ἡμῖν
241 1128 333 1202 εἶπέ
350 1128 390 1202 τί
400 1128 551 1225 λέγεις,
575 1131 692 1230 quihus
711 1132 797 1202 addo
813 1132 887 1202 Eur.
904 1132 972 1228 lph.
989 1130 1058 1203 Aut.
1076 1134 1163 1204 127:
1189 1133 1260 1227 σή-

144 1249 252 1342 μαιν’
269 1247 292 1320 5
307 1271 336 1320 τι
353 1251 442 1345 φής.
462 1250 574 1325 ,1167ι
589 1249 723 1339 λέξον,
742 1249 944 1345 τίφήσεις;
963 1251 1056 1322 Arist
1075 1249 1156 1322 Plut.
1174 1251 1258 1325 349:

149 1367 231 1462 λέγ’
254 1359 387 1449 ἀνύσας
409 1367 432 1440 5
454 1392 483 1439 τι
508 1370 592 1464 φής
614 1391 708 1440 ποτε.
737 1411 782 1422 —-
808 1393 913 1467 neque
936 1370 1024 1466 quod
1046 1369 1208 1442 ollendam
1227 1369 1258 1440 in

148 1485 309 1561 laeutiana
334 1486 501 1581 λόγους
521 1487 687 1582 λέγειν,
715 1487 757 1560 de
783 1513 846 1585 qua
872 1488 1012 1560 alliun
1037 1486 1151 1586 Suppli
1174 1489 1257 1560 193.

63 1621 67 1640 ’
146 1605 292 1679 Nauck.
315 1606 389 1678 Eur.
413 1604 505 1680 Stnd.
530 1607 564 1678 ll.
587 1607 735 1704 p.'156.‹
753 1633 784 1678 n.
809 1610 847 1679 2:
878 1607 938 1680 sed
969 1632 1033 1678 non
1066 1606 1274 1679 conveniunt-

146 1724 200 1797 illa
227 1725 328 1798 verbu
354 1723 593 1797 ἐκκάλυπτε.
641 1726 751 1812 Quane
777 1725 862 1800 hand
889 1725 960 1798 anio
985 1752 1026 1798 an
1052 1725 1260 1798 scribendum

147 1845 255 1942 potius
273 1843 333 1916 sit:
984 1837 985 1846 ¹

56 1989 60 1994 ·
214 1961 406 2035 &naellam
424 1968 481 2036 νῦν
496 1963 576 2036 ποθ’
592 1966 681 2060 ἡμῖν,
699 1963 859 2046 οὕστινας
873 1963 1036 2059 στέγεις
1049 1964 1182 2059 λόγους.

147 2081 287 2154 Verbum
305 2080 465 2176 στέγειν
483 2084 568 2156 enim
588 2082 662 2156 lieet
680 2082 869 2180 plerumque
887 2095 982 2156 sonet
1003 2083 1176 2156 reticere
1197 2083 1258 2173 [el.

150 2199 251 2300 Soph.
267 2201 346 2274 Phil.
365 2202 447 2274 136.
467 2201 593 2299 Fragm.
609 2201 693 2273 614.
713 2203 786 2275 Ειιι.
802 2201 849 2272 ΕΙ.
866 2203 949 2274 273.
970 2202 1095 2299 Fragm.
1108 2201 1193 2292 376,
1208 2204 1260 2291 2),

152 2333 256 2394 temen
279 2346 350 2394 euin
373 2320 559 2394 κεύθειν
582 2320 743 2419 significet
765 2321 924 2394 interdum
950 2322 970 2393 i.
994 2348 1026 2419 q.
1056 2321 1094 2392 in
1121 2321 1284 2424 animo,
1379 2327 1381 2332 '

148 2439 304 2512 habene
328 2440 618 2529 reconditum,
642 2454 676 2512 ut
693 2440 811 2514 nosch.
832 2443 910 2513 Cho.
933 2439 1259 2514 attenuatione.

148 2561 232 2632 762.
253 2560 338 2632 879.
362 2558 479 2658 Suppl.
501 2561 584 2633 295.
610 2561 832 2659 Hipp.1105,
855 2587 918 2632 nnn
933 2561 1073 2660 ¹dubium
1097 2573 1158 2650 est,
1183 2561 1262 2658 quin

148 2680 284 2751 eandem
303 2678 364 2750 vim
386 2677 519 2772 στέγειν
530 2680 636 2752 uerbo
659 2681 835 2752 subiectam
860 2706 936 2752 esse
954 2705 1030 2752 vere
1048 2704 1088 2751 ae
1105 2680 1174 2751 iure
1193 2694 1262 2750 sta·

148 2812 292 2885 tnamus3
310 2799 351 2870 el.
367 2798 488 2870 Phoen.
508 2800 620 2870 1214:
642 2798 748 2869 κακόν
771 2823 799 2869 τι
821 2799 992 2880 κεύθεις
1011 2797 1079 2870 καὶ
1098 2796 1265 2891 στέγεις

147 2916 213 2989 ὑπὸ
231 2917 356 3011 σκότῳ.
468 2975 470 2981 .
747 2930 751 2939 “

221 3037 326 3133 Atque
366 3036 470 3109 simile
504 3036 611 3109 vitium
649 3037 824 3111 tollendum
863 3051 915 3110 est
948 3039 1062 3112 eadem
1102 3036 1261 3108 medicina

147 3156 223 3227 lon.
239 3156 324 3246 759,
342 3155 395 3228 nbi
414 3155 610 3228 dubitantem
629 3157 778 3230 chorum:
802 3154 953 3249 sintenes
976 3158 1000 3254 ἢ
1022 3161 1218 3249 sarcinata
1237 3154 1261 3250 ἢ

147 3272 181 3344 τί
193 3274 383 3366 dadanum
399 3276 521 3347 Creusa
540 3276 742 3348 adhortatur:

324 3391 405 3489 εἴφ’·
425 3398 478 3476 ὡς
493 3390 606 3490 ἔχεις
620 3419 662 3490 γε
678 3395 862 3490 συμφοράν
879 3394 933 3466 τιν
954 3393 1005 3476 εἰς
1020 3391 1096 3486 ἐμέ.

146 3511 246 3585 Multo
265 3527 353 3586 eerte
369 3515 643 3588 accommodatius
662 3527 731 3587 est:

325 3629 405 3728 εἴφ’·
432 3637 485 3715 ὡς
507 3632 672 3728 στέγεις
694 3656 736 3727 γε
761 3633 943 3728 συμφοράν
968 3631 1051 3720 κτλ,

147 3731 339 3849 praesentim
363 3776 436 3826 enm
457 3751 640 3846 συμφορὰν
662 3746 755 3847 ἔχειν
777 3750 882 3824 soleat
904 3751 1103 3844 significare:
1130 3752 1262 3823 antemi·

149 3888 211 3942 tate
233 3875 393 3964 laborare,
417 3884 450 3943 ut
473 3869 553 3942 Plat.
575 3870 713 3942 Phaedr.
735 3897 767 3968 p.
785 3871 869 3942 231.
884 3873 919 3943 C.
948 3872 988 3944 cl.
1004 3868 1259 3943 Stallbaum.

148 3989 190 4060 ad
208 3990 288 4063 Plat.
306 3993 347 4064 de
360 4018 429 4089 rep.
445 3989 497 4064 lX.
514 4018 546 4089 p.
563 3990 647 4062 574.
663 3990 698 4061 E.
735 3988 822 4061 Nihil
841 4016 917 4064 vero
935 3991 1121 4064 mutandum
1140 3989 1259 4062 heseh.

148 4108 228 4180 Cho.
249 4112 337 4183 778:
364 4111 397 4182 τί
417 4112 501 4206 §0543
527 4104 646 4204 ἔχεις
668 4132 697 4179 τι
723 4114 790 4180 τῶν
816 4109 1030 4205 λελεγμένων
1054 4107 1150 4204 (λέγοις
1179 4109 1262 4193 Nee

148 4217 384 4326 praetereunda
408 4230 471 4302 hoc
494 4226 566 4302 loen
592 4226 749 4318 existimo,
773 4253 857 4326 quae
879 4229 910 4299 in
935 4226 1079 4325 reliqniis
1100 4225 1261 4324 Euripidis

149 4348 353 4420 inveniuntur
