2914 4820
161 257 183 326 6

164 489 213 558 ni.
234 489 341 559 1145.
373 486 507 558 ὃσδιιιο
531 455 593 558 iiac
614 489 746 584 quidem
771 513 854 585 opus
878 501 929 560 est
949 489 1146 560 coniectura.
1183 490 1282 560 Immo

162 631 201 677 ax
224 606 307 702 ipsis
332 605 514 676 sacerdotis
533 605 639 676 verbis
663 606 726 677 hoc
749 607 811 676 nisi
835 605 929 677 iallor
950 605 1157 702 intellegitur,
1183 606 1283 678 Oedi-

163 749 239 819 pum
255 735 388 793 ornatus
403 722 568 817 vestisque
583 720 702 792 nuliam
717 723 836 794 iecisse
851 723 1055 796 mentionem.
1087 723 1178 794 Haec
1197 725 1281 795 enim

163 842 205 911 ita
226 840 484 936 pronuntiantur,
503 852 538 910 ut
554 841 736 914 sacerdotis
754 854 974 936 cognoscatur
992 841 1163 911 consilium
1174 843 1284 938 cigni-

16 963 18 972 '
162 957 292 1046 dicandi,
321 956 437 1027 etiam
463 970 603 1028 ornatu
631 957 832 1030 advenientis
860 959 1042 1030 confirmari
1070 959 1282 1055 suspitionem

164 1074 293 1170 Oedipi.
326 1073 452 1145 Deinde
470 1071 596 1164 ὄμματι
611 1075 773 1166 λαμπρός
789 1099 855 1145 non
872 1088 936 1144 mm
955 1075 1102 1170 ipsorum
1119 1079 1284 1148 oculorum

160 1195 320 1284 [αλμοιαα
347 1215 443 1287 quam
471 1194 667 1293 hilaritatem
691 1191 859 1279 describit,
893 1217 978 1287 quae
1005 1217 1024 1262 e
1051 1197 1145 1262 cuttu
1172 1209 1200 1262 ct
1229 1217 1284 1262 cro

163 1309 321 1380 emineat:
346 1333 443 1404 quam
470 1312 575 1379 uultus
600 1311 793 1380 hilaritatem
822 1306 936 1404 procul
963 1333 1043 1379 sana
1068 1322 1167 1405 atque
1193 1309 1284 1404 nriuu

163 1425 239 1496 licet
262 1451 398 1496 cernere
422 1451 519 1521 quam
543 1426 574 1495 in
599 1450 782 1496 sermonem
807 1425 902 1496 dccet
919 1425 1044 1520 ingredi
1064 1451 1136 1496 cum
1155 1426 1284 1497 homine

162 1544 366 1615 adveniente.
397 1535 534 1614 Accedit
551 1543 639 1638 quod
657 1542 743 1616 haud
760 1567 836 1613 raro
854 1553 972 1638 poetae
990 1543 1104 1638 tragici
1124 1567 1284 1640 personas

164 1661 287 1733 iaciunt
300 1686 339 1732 ex
353 1661 512 1756 adspectu
530 1659 768 1733 advenientium
787 1659 946 1730 de'nuntii
965 1673 1078 1738 natura
1098 1661 1285 1732 coniectura

165 1779 358 1866 iudicantes,
378 1793 411 1848 ut
427 1777 503 1850 Eur.
519 1777 643 1848 Phoen.
663 1777 757 1847 1332
778 1796 870 1872 sqq.:
887 1773 988 1866 οόαοι,
1007 1775 1044 1847 ro
1058 1777 1126 1868 μὲν
1143 1780 1285 1872 σημεῖον

164 1893 293 1985 εἰσορῶ
307 1894 399 1982 τόδε,
418 1891 669 1986 σκνδμιαπὸν
687 1891 792 1986 ὄμμα
810 1892 879 1964 καὶ
894 1894 1119 1984 πμύσιοτον
1137 1893 1284 1986 ἀγγέλου

164 2011 358 2106 στειζνοντος
377 2011 445 2084 κτλ.
465 2009 592 2084 Heracl.
610 2010 694 2082 3811
718 2009 748 2083 ὦ
773 2013 846 2098 ταῖ,
869 2009 903 2080 τί
915 2033 977 2102 μοι
999 2011 1190 2082 σύννοιαν
1215 2009 1283 2101 ὄμ-

160 2153 287 2221 μασιν
304 2128 426 2224 φέρων
443 2129 553 2223 dream
568 2127 676 2224 Suph.
691 2127 809 2201 Trach.
825 2127 917 2199 869:
931 2127 1031 2208 ξύνες
1046 2127 1088 2198 δὲ
1105 2127 1216 2222 τήνδ’,
1235 2131 1288 2207 ὡς

164 2247 314 2342 ἀηδὴς
335 2244 397 2318 καὶ
421 2243 794 2346 σονωφμοιομένη
817 2246 937 2336 χωρεῖ
954 2243 1045 2335 πρὸς
1063 2249 1162 2340 ἡμᾶς
1180 2249 1285 2338 γραῖα

163 2361 382 2460 σημαίνουσα
399 2385 438 2433 τι.
478 2362 583 2458 Atque
601 2373 636 2432 ut
655 2360 732 2433 nihil
751 2361 883 2432 omniun
899 2363 1054 2458 Seyfferto
1072 2377 1176 2435 restet
1192 2387 1286 2437 seru.-

165 2480 245 2576 puli,
263 2480 450 2554 consideret
463 2477 558 2552 velim
570 2479 619 2550 vir
631 2478 840 2550 doctissimus
855 2505 939 2575 quae
954 2478 1104 2576 leguntur
1116 2481 1198 2553 Oed.
1215 2479 1284 2555 Col.

165 2597 240 2670 319
254 2623 329 2695 sqq.
358 2597 517 2694 Antigona
537 2598 622 2668 enim
641 2595 755 2694 procul
769 2596 979 2694 conspiciens
998 2597 1163 2670 mulierem
1182 2621 1287 2695 quam

166 2716 240 2792 dam
258 2740 510 2812 agnoscensque
529 2717 658 2788 modam
677 2715 835 2786 lamecum
853 2715 938 2786 haec
953 2716 1015 2786 ait:

294 2831 358 2908 οὐκ
375 2828 467 2904 ἔστιν
484 2831 586 2928 ἄλλη·
605 2833 763 2927 φαιδρὰ
782 2837 864 2924 γοῦν
882 2831 1161 2922 ἀπ’·ὀμμάτων

294 2948 428 3020 σαίνει
441 2973 490 3039 με
507 2947 847 3042 προ-σστείχοοσα
863 2949 944 3036 κτλ,

167 3067 284 3164 quibus
300 3091 372 3138 cum
385 3065 594 3163 responderit
606 3065 768 3162 munis:
781 3071 859 3148 πῶς
870 3062 980 3152 εἶπας,
995 3065 1027 3136 ὦ
1041 3068 1117 3150 παλ·
1130 3066 1237 3162 pergit
1250 3065 1289 3136 it-

168 3182 214 3255 la:
227 3185 334 3254 naida
348 3185 425 3277 σήν,
441 3181 576 3278 ἐμὴνό
592 3184 680 3274 δρᾶν
692 3181 855 3275 ὅμαιμον·
874 3181 984 3277 αὐδῇ
1000 3182 1034 3253 δ’
1052 3179 1183 3253 αὐτίκ’
1200 3179 1288 3262 ἔξε·

169 3323 251 3371 στιν
270 3303 432 3391 nadair.
451 3343 493 3356 -·
517 3301 693 3382 Praeterea
712 3325 775 3372 ooo
794 3299 933 3374 alienum
952 3312 1004 3371 est
1021 3301 1176 3386 conterre
1188 3299 1285 3369 Arist.
1353 3319 1356 3326 ’

168 3419 248 3515 Equ.
265 3418 354 3491 550:
368 3416 728 3518 μαιδμὸςλάμποντι
742 3418 937 3510 μετώπῳ.
955 3416 1059 3513 Soph.
1070 3416 1186 3488 Trach.
1200 3415 1287 3486 379:

161 3535 194 3632 ἢ
221 3537 334 3627 κάρτα
356 3535 526 3626 λαμπρὰ
551 3532 610 3607 καὶ
634 3533 712 3611 κατ’
732 3532 844 3625 ὄμμα
867 3532 926 3607 καὶ
951 3533 1067 3627 φύσιν..
1085 3534 1179 3606 Ρίοδ.
1194 3533 1285 3604 Nem.

170 3653 234 3743 Vll,
248 3655 311 3731 66:
330 3649 368 3724 ἕν
387 3677 425 3728 τι
440 3651 611 3743 δαμόταις
626 3649 776 3742 ὄμματι
793 3651 963 3743 δέρκομαι
980 3651 1181 3742 λαμπρόν.
1211 3650 1289 3722 item

170 3771 357 3864 λαμπρὸν
375 3768 486 3860 ὄμμα
502 3768 620 3842 dicitur
637 3769 733 3850 Arist
750 3767 878 3844 nautes.
898 3770 930 3841 1.·

229 3987 770 4106 'uetouuuoaaoeaaraa
789 4029 863 4104 sqq.

324 4123 366 4196 οὐ
384 4124 477 4226 δῆτ’·
496 4122 554 4216 ἀφ’
566 4121 609 4192 οὔ
628 4123 699 4215 γδμ
714 4126 830 4198 etue»
847 4121 938 4219 ἦλθε
954 4121 1013 4194 καὶ
1029 4123 1141 4216 κράτη

325 4240 366 4312 σέ
384 4241 413 4312 r*
428 4238 492 4312 εἶδ’
508 4235 632 4334 ἔχοντα
651 4241 775 4312 Actu»
792 4241 822 4310 τ’
836 4239 1037 4325 ὀλωλότα,
