2900 4834
1207 308 1254 379 93

131 527 265 604 Summa
277 528 374 626 igitur
385 528 566 601 sententiae
579 553 652 600 cum
668 527 848 600 luculenter
857 539 977 626 pateat,
992 529 1175 601 offensione
1190 555 1253 602 nou

131 661 248 719 vacant
257 645 310 717 itta
319 672 349 716 v.
361 645 450 718 61οτ
464 644 549 716 υύὐὲ
562 644 619 716 τύν
633 644 739 717 αὐτὸν
752 642 810 716 ἀεὶ
819 644 971 742 βεβιίναι
984 647 1091 738 donov
1105 645 1254 742 εὐτυχίᾳ.

130 766 202 839 Non
222 765 296 836 dico
312 775 421 835 *autem
441 763 546 861 ipsam
564 763 773 836 sententiam:
791 789 986 860 quamquam
1001 765 1085 835 euim
1106 766 1254 838 fortunae

132 882 349 955 inconstantia
367 905 407 953 ex
425 907 466 952 eo
483 879 687 978 potissimum
706 881 928 978 cognoscitur,
946 882 1034 980 quod
1054 883 1169 954 domus
1189 909 1252 964 uon

133 1001 249 1073 eodem
268 1021 399 1096 semper
416 1000 565 1071 [nunnae
582 997 743 1071 beneficio
762 999 870 1087 utitur,
889 1000 948 1071 sed
972 1000 1070 1073 modo
1093 1001 1186 1072 floret
1206 1003 1255 1072 fe·

63 1101 67 1108 ’
133 1118 252 1190 licitate
278 1117 376 1189 modo
403 1117 544 1188 miseriis
569 1130 712 1204 vexatur,
744 1117 786 1188 de
818 1143 883 1214 qua
914 1118 1044 1214 quidem
1076 1118 1253 1190 mobilitate

130 1235 249 1306 multus
272 1247 324 1306 est
347 1247 380 1307 et
401 1233 547 1306 insolens
570 1235 756 1331 Euripides:
781 1235 845 1325 [cfr
861 1235 956 1306 Herc.
978 1236 1037 1306 tur.
1059 1236 1148 1309 511:
1172 1237 1193 1306 d
1217 1236 1250 1306 θ’

131 1351 237 1451 ὐλβυς
256 1353 276 1424 ὁ
295 1350 412 1446 ρέχας
432 1352 456 1447 ἥ
474 1376 513 1422 τε
529 1351 603 1432 δόξ’
621 1351 685 1423 οὐκ
703 1349 767 1423 υίύ’
784 1350 856 1446 ὅτῳ
874 1351 1025 1450 βέβαιός
1040 1351 1122 1425 ἐστι.
1154 1355 1250 1452 Hipp.

133 1473 231 1544 1108
263 1495 331 1567 sq.:
363 1468 451 1540 ἄλλα
476 1469 545 1563 γὰρ
571 1467 720 1541 ἄλλοθεν
746 1469 926 1567 ἀμείβεται
947 1471 1038 1562 perd
1064 1471 1097 1541 θ’
1122 1469 1254 1543 ἵσταται

131 1587 295 1681 ἀνδράσιν
313 1587 400 1660 αἰὼν
417 1588 680 1684 παλυπλάνητας
695 1587 762 1660 ἀεί.
790 1589 856 1660 lon.
873 1589 963 1664 9692
987 1589 1030 1659 τὰ
1054 1590 1164 1685 θνητὰ
1188 1613 1252 1661 τυι-

131 1707 226 1778 αὔτ’·
249 1705 354 1778 οὐθὲν
377 1705 416 1776 ἐν
437 1705 557 1801 ταύτῷ
575 1706 684 1799 μένει.
713 1707 840 1804 Fragm.
859 1707 972 1782 105οε
993 1706 1126 1805 βέβαια
1144 1706 1178 1778 θ’
1195 1708 1253 1779 σύ-

130 1822 627 1920 ὐεὶςεύτυχεῖθνητύςχεχῶς.
651 1826 760 1914 1058,
777 1827 872 1898 1—2:
891 1824 932 1897 σύ
947 1828 1021 1920 χρή
1036 1825 1113 1896 ποτ’
1129 1825 1257 1918 ὐρθαῖς

131 1941 170 2014 ἐν
187 1943 307 2037 τύχαις
319 1941 500 2039 βεβηκότα
519 1941 609 2022 ἕξειν
627 1940 685 2013 τὸν
703 1941 809 2014 αὐτὸν
826 1942 961 2034 δαίμον’
978 1942 1090 2014 εἰσαεὶ
1106 1943 1250 2034 ἀσκεῖν]

130 2077 238 2132 tamen
262 2085 327 2132 non
351 2059 526 2130 absurdum
551 2059 712 2155 estquod
736 2059 800 2132 hoc
827 2059 900 2131 ioco
926 2074 1023 2157 poeta
1050 2061 1252 2157 pronuntiat:

132 2179 282 2276 quoniam
308 2177 448 2249 For-tuna
468 2203 531 2248 non
551 2177 582 2247 in
601 2178 716 2249 eadem
736 2179 816 2256 sede
835 2203 967 2250 manere
986 2203 1118 2274 semper
1135 2178 1251 2264 soleat,

131 2295 190 2366 sed
208 2296 324 2393 migret
340 2294 434 2390 quasi
454 2294 484 2364 iu
499 2294 579 2365 alias
599 2295 725 2384 domos,
740 2296 782 2366 ob
796 2321 869 2366 eam
883 2296 987 2392 ipsam
1003 2321 1146 2386 causam,
1161 2297 1250 2393 quod

120 2414 195 2486 -iam
218 2427 352 2486 careant
375 2413 551 2485 derelictae
576 2413 691 2485 domus
711 2415 851 2511 benigna
870 2416 1020 2513 comique
1038 2415 1091 2486 itta
1111 2415 1251 2512 hospita,

131 2533 163 2603 iu
186 2533 335 2604 miserias
359 2532 419 2602 has
443 2532 573 2627 quidem
597 2533 746 2605 recidere
765 2535 919 2628 cernique
937 2559 1043 2605 rerum
1064 2535 1252 2604 inconstan-

131 2649 219 2722 tiam.
261 2650 404 2721 Eandem
423 2650 507 2722 enim
527 2650 722 2722 seutentiam
740 2651 811 2722 aliis
831 2677 960 2748 quoque
980 2651 1066 2721 iocis
1078 2651 1252 2745 expressit,

133 2782 167 2839 ut
183 2767 299 2865 Suppl.
315 2768 391 2842 550
410 2791 479 2866 sq.t
502 2767 717 2859 παλαίσμαθ’
734 2771 834 2863 ἡμῶν
857 2770 877 2838 ὁ
898 2768 990 2866 βίυς·
1010 2766 1191 2862 εὐτυχοῦσι
1209 2767 1253 2838 de

132 2885 168 2955 σί
178 2885 245 2977 ρὲν
263 2885 354 2980 τάχ’,
374 2887 409 2956 oi
422 2885 456 2956 θ’
472 2885 628 2973 ἐσαῦθις,
647 2885 729 2956 oid‘
751 2886 820 2982 ἤθη
837 2885 988 2984 βροτῶν.
1018 2886 1143 2982 Fragm.
1161 2885 1252 2956 419:

132 3003 277 3095 τυῖςρὲν
290 2985 431 3084 αὔξεται
441 3003 530 3102 βίος,
544 3009 613 3074 τῶν
630 3003 673 3073 de
689 3003 802 3098 φθίνει
819 3001 933 3074 τεκαὶ
951 3003 1123 3095 θερίζεται
1140 3003 1249 3074 πάλιν.

133 3120 209 3193 Tro.
227 3122 323 3193 1203
345 3147 436 3220 sqq.:
460 3127 597 3219 θνητῶν
620 3121 662 3192 de
681 3128 815 3214 ρῶρυς,
840 3121 934 3203 ὅστις
949 3119 990 3192 εὐ
1009 3122 1177 3213 πράσσειν
1194 3122 1253 3190 do-

131 3233 203 3310 κῶν
222 3237 355 3336 βέβαια
373 3238 506 3334 χαίρει·
531 3242 601 3320 τοῖς
621 3240 795 3331 τρίταις
814 3240 893 3333 γὰρ
916 3239 960 3310 αἱ
979 3239 1099 3334 τύχαι
1123 3234 1251 3334 ἔρπλη-

131 3379 213 3436 κτυς
236 3359 290 3436 ὡς
313 3355 514 3448 ἄνθρωπος,
542 3355 675 3427 ἄλλοτ’
701 3355 852 3428 ἄλλοσε
879 3358 1056 3452 πηδῶσι,
1083 3352 1257 3436 κυύὐεὶς

133 3472 260 3554 αὐτὸς
280 3473 452 3568 εὐτυχεῖ
468 3499 562 3546 ποτε.
609 3474 708 3570 Haeo„
716 3476 814 3572 igitur
831 3501 903 3546 oum
922 3500 986 3548 uon
1005 3474 1185 3574 praebeant
1202 3475 1253 3544 ot·

132 3592 288 3663 tensionis
304 3591 418 3683 locum,
432 3593 545 3664 mirum
562 3605 667 3664 tamen
682 3605 744 3682 est,
762 3594 891 3665 domum
908 3593 971 3665 dici
986 3591 1167 3690 βεβάναι
1185 3590 1252 3661 εὐ·
1283 3593 1288 3600 ’

132 3709 250 3804 τυχίᾳ
281 3736 341 3808 pro
374 3708 417 3782 ἐν
444 3709 632 3806 εὐτυχίᾳ,
665 3712 754 3808 quod
778 3711 944 3809 postutare
971 3711 1096 3782 videtur
1122 3709 1252 3782 dicendi

131 3829 346 3918 consuetudo,
369 3829 409 3900 ot.
426 3827 528 3926 Soph.
545 3828 626 3900 Oed.
643 3830 682 3901 Η.
696 3830 761 3901 80:
784 3827 818 3898 εἰ
837 3829 906 3922 poto
930 3826 977 3899 ἐν
1001 3827 1112 3924 τύχη
1135 3825 1177 3919 rb
1200 3848 1251 3918 τῳ

95 3979 98 3993 ·
130 3951 264 4042 σωτῆρι
274 3944 386 4042 βαίη.
407 3944 453 4017 ΕΙ.
468 3945 580 4018 1056:
598 3943 681 4016 ὅταν
698 3946 767 4038 γὰρ
787 3943 834 4016 ἐν
850 3945 1007 4027 κακοῖς
1023 3946 1092 4041 ἢθη
1108 3944 1163 4042 βε
1170 3942 1253 4040 βή-

130 4085 218 4156 κης.
251 4063 362 4134 1094:
382 4061 465 4133 ἐπεί
476 4061 510 4134 α’
527 4061 711 4158 ἐφεθρηκα
730 4062 859 4158 ρυίρᾳ
878 4063 945 4155 ρὲν
963 4062 1027 4135 οὐκ
1045 4062 1092 4133 ἐν
1110 4061 1253 4154 ἐσθλᾷ
1374 4108 1381 4111 -

128 4177 354 4276 βεβῶσαν.
383 4181 458 4252 Eur.
474 4182 587 4279 fragm.
606 4181 668 4252 inc.
688 4183 796 4272 1058,
813 4183 849 4252 1:
872 4181 1023 4274 ὀρθαῖς
1044 4181 1087 4252 ἐν
1110 4178 1255 4274 τύχαις

127 4295 378 4393 βεβηκότα.
409 4297 962 4404 1ι.196,4;τίύῆτ’ἐνύ’λβῳ
983 4297 1259 4393 ρηάσραλεῖ
