2900 4834
1197 262 1268 332 109

222 482 409 554 ronaco:
716 478 749 550 εἰ
768 479 837 574 γὰρ
860 479 982 580 ἀμοιδά
1002 503 1063 572 μοι
1081 479 1267 576 μηνύσετε,

425 588 489 668 οὐν
507 595 558 678 εἶς
568 582 781 678 ’ἀπίστους
795 598 971 678 δεσπότας
983 596 1105 693 βαλεῖς
1115 599 1265 692 χαράν.

145 717 285 787 Prorsus
304 715 467 787 assentior
484 715 606 806 Flauio,
624 715 678 811 qui
698 739 793 787 unam
812 714 976 787 Elmslei
996 716 1054 804 [ad
1072 714 1156 787 bled.
1175 716 1267 805 865]

144 833 419 907 emendationem:
441 833 567 927 χάμιν
585 833 956 904 accommodatissimam
976 833 1074 904 ducit.
1111 833 1207 919 Quod
1225 834 1268 904 ad

143 951 346 1023 refutandam
378 951 464 1022 enim
492 950 622 1022 Elmslei
653 951 882 1023 coniecturam*
902 951 1149 1022 Hermannus
1179 951 1267 1040 dicit,
1346 1019 1352 1036 „

143 1095 235 1161 „non
255 1095 295 1140 ea
313 1070 403 1139 ebori
421 1071 557 1139 arbitrio
572 1073 720 1162 pendero,
740 1071 819 1162 quid
836 1073 912 1140 deus
930 1072 1081 1160 diaerit‚“
1099 1093 1205 1166 aeque
1223 1069 1264 1140 de

144 1187 256 1258 nuntio
275 1185 415 1258 laetabili
434 1185 606 1256 dicendum
626 1198 678 1257 est
695 1211 735 1258 ac
753 1185 973 1258 deabenelreio
991 1211 1031 1258 ac
1049 1187 1163 1284 gratia.
1201 1185 1267 1258 Ne·
1292 1248 1294 1252 .
1417 1249 1418 1254 ,

144 1331 208 1403 que
232 1302 436 1384 ἀπίστους
457 1328 571 1374 sanum
595 1302 714 1375 iudico.
760 1303 855 1374 Aliud
879 1317 930 1374 est
954 1305 1037 1376 enim
1062 1303 1274 1380 infidelem.

144 1448 231 1515 esse,
245 1421 332 1494 aliud
346 1421 623 1502 immemorem;
641 1422 814 1519 ipsumque
829 1447 894 1518 quo
909 1421 1053 1494 stabilire
1063 1421 1266 1493 Hermannus
1298 1467 1301 1472 -

143 1542 253 1615 studet
265 1531 426 1638 vulgatam
446 1539 659 1636 scripturam:
677 1540 855 1630 δούλευμα
873 1539 1014 1611 πιστόν
1034 1545 1078 1628 (v.
1096 1541 1198 1628 748),
1217 1539 1266 1610 vi-

142 1663 238 1734 detur
260 1659 422 1749 ellecisse,
449 1670 484 1729 ut
505 1657 661 1748 interiret,
684 1658 772 1754 quod
791 1658 977 1756 Euripidem
994 1657 1170 1756 scripsisse
1187 1683 1266 1754 pro-

143 1777 380 1976 habileoriltbc
403 1891 656 1987 ἀχαρίστους.
675 1893 851 1978 δεσπότας
871 1892 994 1991 βαλεῖς
1012 1893 1162 1988 χάριν.
1192 1973 1194 1978 ,
1296 1869 1298 1872 ’

144 2137 235 2222 Quae
252 2135 467 2232 insequuntur

220 2253 295 2324 len.
313 2251 402 2324 755:
429 2250 498 2321 ἀλλ’
528 2249 553 2347 ἦ
581 2275 610 2323 τι
636 2253 839 2348 θεσφάτοισι
864 2253 1044 2323 δεσποτῶν
1071 2257 1188 2340 νοσῶ;

329 2367 397 2440 XO.
427 2365 526 2440 elsa·
545 2369 581 2440 τί
591 2371 742 2461 δρῶμεν,
757 2372 913 2454 δάνοτος
927 2373 977 2444 ῶν
994 2373 1101 2442 κεῖται
1118 2369 1217 2462 πέμπ’
1316 2435 1317 2440 ,

142 2515 208 2561 non
227 2514 291 2559 uno
310 2487 384 2558 vitio
403 2487 568 2583 inquinata
588 2513 663 2560 esse
683 2490 839 2562 videntur.
877 2491 1002 2563 Etenim
1025 2490 1093 2560 sive
1116 2488 1265 2585 paeda·

143 2633 248 2706 gogo
266 2607 381 2678 tribuis
399 2631 527 2676 versum
546 2607 631 2698 755,
655 2608 689 2679 id
712 2609 800 2703 quod
818 2609 1062 2681 Hermannus
1087 2607 1171 2695 lecit,
1195 2607 1263 2677 sive
1297 2660 1300 2666 .

142 2727 317 2797 Creusae
331 2749 407 2796 esse
421 2735 528 2821 putas,
543 2749 606 2794 non
622 2736 711 2796 recte
726 2750 762 2796 se
777 2725 897 2798 babent
911 2727 1125 2796 δεσποτῶν
1144 2729 1261 2806 νοσῶ.

15 2932 16 2936 ¹
143 2846 330 2916 Creusam
353 2843 437 2914 enim
461 2855 591 2940 oportet
614 2833 813 2916 laborantem
837 2871 874 2917 se
895 2845 1027 2917 oraculo
1046 2845 1156 2915 dicere
1175 2842 1263 2938 quod

142 2962 307 3034 maritus
331 2961 508 3059 acceperit,
531 2961 790 3059 paedagogus
815 2988 891 3034 vero
915 2964 965 3034 vix
990 2975 1113 3034 semet
1136 2962 1264 3058 ipsum

142 3081 328 3178 significare
353 3091 462 3176 potest
486 3079 606 3151 domini
631 3061 764 3152 oraculo
787 3080 998 3153 laborantem.
1046 3082 1155 3166 Quare
1181 3078 1264 3150 scri-

142 3197 283 3269 bendum
303 3223 379 3270 esse
397 3199 564 3295 suspicor:

324 3315 398 3386 ἀλλ’
419 3314 442 3411 ἦ
468 3341 497 3387 τι
519 3318 722 3411 θεσφάτοισι
744 3317 925 3387 δεσποτῶν
947 3317 1093 3404 νοσεῖς;

143 3459 229 3532 quae
256 3433 385 3530 quidem
404 3437 547 3507 Creusae
574 3435 654 3506 satis
682 3434 885 3506 conveniunt.
935 3432 1071 3507 Sublato
1097 3434 1161 3504 boc
1188 3427 1263 3502 vitio

142 3552 320 3651 aggredior
342 3552 384 3623 ad
408 3551 553 3643 alterum,
578 3553 665 3651 quod
684 3565 734 3625 est
753 3553 786 3623 in
806 3549 988 3630 νοοοεῖεν
1005 3579 1034 3624 v.
1050 3552 1136 3624 756.
1174 3549 1263 3622 llaec

143 3673 240 3760 enim,
263 3671 306 3742 de
328 3671 420 3742 cuius
440 3672 467 3742 vi
491 3672 698 3770 Reisigius
722 3673 872 3770 exposuit
895 3673 937 3744 ad
960 3670 1063 3769 Sopb.
1089 3671 1171 3743 Oed.
1192 3668 1261 3741 Col.

145 3789 252 3861 1303.
268 3815 301 3885 p.
317 3787 422 3876 CLIX,
442 3814 614 3887 numquam
638 3791 681 3862 ita
705 3791 793 3886 quod
817 3790 917 3862 sciam
941 3789 1123 3880 adhibetur,
1147 3802 1181 3860 ut
1198 3814 1263 3859 re·
1288 3769 1291 3787 ⁸
1316 3841 1319 3848 ·

143 3906 381 4004 spondentis
396 3907 438 3977 sit
450 3905 672 4004 interroganti.
698 3909 793 3994 Quod
808 3910 835 3980 si
850 3935 915 4006 quo
929 3910 1049 3981 chorus
1063 3909 1170 3980 adbuc
1184 3931 1263 3978 usus

143 4026 185 4097 sit
200 4023 319 4096 ululatu
334 4052 362 4095 v.
380 4025 468 4097 752:
488 4023 534 4094 ta
552 4025 701 4115 δαῖμον
719 4039 793 4097 etv.
810 4027 899 4099 754:
918 4026 963 4098 ἰὼ
983 4028 1149 4117 τλᾶμον,
1165 4051 1263 4122 repu-

143 4143 274 4232 taveris,
294 4142 370 4212 nibil
395 4143 458 4212 boc
479 4141 552 4214 loco
576 4143 741 4215 concedes
766 4145 946 4217 sententiae
965 4145 1069 4242 magis
1088 4158 1263 4216 consenta-

144 4285 238 4332 neum
258 4283 333 4331 esse
352 4259 414 4331 bac
432 4261 597 4332 oratione:
624 4331 626 4336 ,
