2914 4820
163 268 208 337 it

160 507 229 554 ταιν
247 484 373 578 ἀμφοῖν
390 482 441 556 αὖ»
459 481 567 565 δόξας
582 485 788 575 μελλόντων,
807 484 859 557 eiu
875 487 988 558 κοινὸν
1007 511 1073 579 μεν
1091 485 1205 578 όναμα
1226 487 1278 558 έλ·

161 601 226 690 πός,
244 599 427 673 ἴδιανδὲ
450 601 692 699 ρόβοςρὲν
713 605 736 699 ἡ
761 603 1009 702 πρδλόπης
1030 605 1171 692 ἐλπίς,
1191 606 1279 696 δόρ-

156 743 226 811 ρας
245 720 333 815 δὲὴ
357 721 426 813 πρδ
450 725 512 791 τοῦ
534 719 699 792 ἐναντίαιν.
731 722 797 793 Cio.
814 723 912 794 Tuse.
928 723 978 812 W,
998 725 1057 811 37,
1075 725 1142 794 802
1162 725 1190 794 si
1212 745 1281 815 spes

159 854 204 909 eut
230 843 420 931 emspeetutin
445 843 530 928 beni,
553 843 648 911 muli
674 845 1004 934 exspectationem
1028 862 1106 912 esse
1132 863 1282 912 necesse

161 973 215 1026 est
232 973 379 1054 metum.
399 958 433 1028 C.
452 955 647 1028 Matthiae.
665 959 812 1044 Quaestt.
829 957 932 1055 Snph.
944 958 1034 1054 pru
1050 981 1100 1055 sq.
1122 957 1279 1030 Frankes

161 1072 204 1144 ad
222 1073 311 1144 Dein.
333 1073 462 1169 Otynth.
482 1071 504 1145 Ι.
525 1081 556 1163 S.
577 1077 633 1146 14.
659 1073 890 1147 Stallbaum.
911 1076 953 1146 ad
976 1075 1057 1146 Plat.
1078 1075 1099 1146 Ι.
1116 1075 1136 1146 λ.
1175 1076 1281 1172 Atque

162 1190 226 1262 hue
244 1191 340 1261 etiarn
359 1191 400 1262 de
419 1217 483 1288 qun
502 1191 609 1288 agitur
627 1191 702 1264 leun
719 1193 852 1290 nequis
871 1192 995 1264 dubitet
1013 1192 1055 1263 de
1073 1193 1102 1262 ui
1121 1193 1210 1264 verbi
1228 1191 1281 1262 ἐλ-

162 1307 278 1396 πίζειν,
305 1309 465 1381 adiectiru
491 1308 706 1401 δλεόρίαν
731 1312 812 1383 satis
836 1332 1003 1406 superque
1027 1311 1192 1406 previsum
1219 1322 1279 1381 est.

31 1419 42 1430 ’
143 1425 272 1524 ΙΗαλιεε
296 1449 404 1497 meum
426 1426 469 1496 de
491 1427 554 1498 hnc
577 1425 651 1498 loen
674 1427 844 1498 iudicium:
870 1428 913 1498 ad
931 1452 970 1498 ea
988 1427 1016 1496 si
1035 1425 1144 1523 planat
1161 1450 1283 1522 perga·

163 1565 246 1632 mus,
263 1567 350 1640 qnae
369 1543 580 1638 interroganti
600 1543 816 1614 Tecmessae:

315 1657 405 1750 οἶμαι
424 1659 577 1747 τάλαινα,
596 1665 656 1730 τοῦ
675 1657 752 1730 ποτ’
769 1659 970 1751 ἀνδρώπιαν
983 1661 1131 1752 μαδιόνς

163 1777 443 1874 respondetidem
463 1777 592 1847 nuntius
611 1800 639 1848 v.
660 1778 750 1849 801:
1174 1783 1176 1790 ’

317 1897 378 1964 ταῖ
400 1893 606 1986 θεσταρείαυ
620 1895 793 1986 μάντεως,
812 1894 890 1964 καθ’
904 1893 1045 1990 ἡμέραν

317 2011 378 2106 τὴν
396 2015 454 2082 νῦν
472 2011 523 2082 ὅτ’
537 2011 637 2106 αὐτῷ
654 2013 807 2083 δόναταν
825 2013 848 2108 ἢ
865 2011 943 2110 βίον
959 2011 1072 2106 φέρει.

165 2131 272 2228 Atque
285 2141 320 2200 ut
333 2127 461 2200 silentio
480 2142 683 2226 praeteream
702 2150 787 2227 quae
805 2131 846 2201 de
865 2131 928 2201 hoa
945 2129 1064 2201 afflicto
1079 2129 1152 2200 Ιοοο
1168 2129 1283 2224 partim

166 2260 256 2320 reete
274 2247 390 2344 partim
409 2271 564 2343 perverse
583 2246 747 2342 disputata
765 2261 850 2337 sunt,
864 2246 941 2344 quid
960 2271 1024 2344 ego
1040 2234 1176 2318 sentiam
1195 2245 1299 2318 brevi-

167 2364 454 2460 eomprehendam.
497 2362 557 2434 Hie
574 2387 705 2460 qunque
725 2363 801 2434 nihil
820 2364 1031 2460 aptius'duco
1051 2363 1167 2436 endem
1185 2362 1284 2434 verbo

164 2481 344 2574 ῥέπειν,
364 2495 398 2552 ut
415 2479 622 2552 scribendum
641 2505 717 2552 esee
736 2480 899 2551 videatur:

319 2603 379 2670 ταῦ
401 2597 607 2688 θεαταρείοα
623 2599 795 2687 μάντεως,
813 2599 893 2668 παιδ’
907 2597 1045 2693 ἡμέραν

320 2717 382 2812 τὴν
400 2720 457 2788 νῦν
475 2711 531 2785 ἔτ’
546 2714 646 2808 αὐτῷ
663 2717 815 2787 δόναταν
833 2713 856 2810 ἣ
872 2715 949 2813 βίον
963 2714 1122 2807 ῥέπειν.
1224 2723 1226 2727 ’

169 2835 199 2905 λι.
215 2860 244 2906 e.
266 2839 340 2906 durs
356 2838 439 2906 nnete
456 2839 547 2905 herne
567 2837 624 2926 ster
641 2837 697 2904 ι’λα
715 2837 765 2904 die
782 2835 1022 2922 Entsuiteidunq
1038 2855 1103 2903 aen
1123 2832 1191 2903 Τοό
1209 2837 1287 2904 eder

168 2955 271 3024 Leaen
284 2954 417 3038 αἰιιιῖιις
435 2952 475 3022 ef.
491 2952 564 3023 Eur.
581 2950 650 3023 Hei.
666 2951 776 3022 1090:
790 2949 906 3042 μέγας
921 2949 990 3041 γὰρ
1008 2950 1115 3041 ἁγών,
1134 2947 1192 3019 καὶ
1206 2949 1286 3046 ῥλέ·

169 3091 225 3140 πω
243 3068 309 3138 δύα
327 3069 453 3161 ῥαπό
461 3092 494 3149 ς·
519 3065 543 3163 ἢ
561 3068 631 3160 γδρ
648 3070 808 3139 δανεῖν
825 3069 884 3137 δεῖ
890 3066 937 3158 μ’,
963 3066 1005 3162 ἢν
1023 3067 1098 3136 ἁλῶ
1115 3067 1286 3161 τεχνωμέ·

170 3211 223 3282 νη,
242 3187 265 3283 ἢ
284 3183 483 3278 πατρίδα
499 3186 529 3256 τ’
544 3185 696 3256 ἐλδεῖν
713 3183 772 3256 καλ
789 3183 851 3254 σδν
868 3183 1021 3254 ἐκσῶσαι
1038 3183 1159 3276 δέμας.
1181 3182 1284 3281 Soph.

170 3303 252 3377 Oad.
268 3303 338 3376 cot.
354 3303 468 3376 1508:
488 3303 611 3398 ῥοπὴ
631 3301 747 3400 βίον.
782 3302 855 3372 Ant.
871 3304 960 3372 722:
982 3302 1076 3396 φιλεῖ
1093 3302 1162 3394 γὰρ
1186 3305 1287 3371 ταῦτα

166 3423 218 3518 μὴ
237 3421 344 3516 vairp
358 3419 533 3514 ῥέπειν.
1059 3425 1063 3436 ”

246 3656 361 3728 Aine.
382 3655 474 3730 988:

347 3771 403 3860 ἴδ’,
422 3773 568 3866 ἐγκόνει,
586 3772 778 3864 σόγναρνε·
796 3774 867 3854 ταῖς
880 3775 1026 3844 δαναῢσι
1042 3795 1095 3844 τοι

348 3891 481 3985 φιλοῦσι
497 3875 627 3973 πάντες
640 3889 812 3981 κειμέναις
827 3889 1030 3983 ἐπεγγελᾶν.

171 4009 221 4082 Uti
234 4007 436 4081 Murstadt.
457 4009 477 4079 λ.
494 4008 513 4080 λ.
530 4035 563 4106 p.
581 4011 638 4082 14.
655 4009 835 4082 sententiae
849 4007 1094 4104 perversitatem
1108 4007 1289 4104 castigavit,

171 4127 222 4199 sie
237 4125 458 4200 Mainekius
479 4129 587 4219 (Auel.
608 4153 640 4224 p.
662 4126 748 4220 285)
772 4139 806 4197 et
823 4123 1016 4197 sententiam
1034 4136 1126 4221 putat
1142 4125 1184 4195 ab
1202 4123 1290 4196 omni

172 4243 349 4315 abhorrere
372 4245 569 4316 humanitate
593 4257 625 4316 et
643 4245 823 4314 aratimrem
841 4241 1039 4338 inquinatam
1058 4263 1135 4313 esse
1153 4241 1290 4312 molesta
