2900 4834
167 251 239 322 120

166 495 230 542 nou
249 481 360 567 potuer
377 469 445 542 feru
462 469 571 545 fauere
588 467 665 568 quin
689 463 857 561 πατρίδος
877 463 985 542 πέδον
1006 464 1176 568 intellegat
1197 463 1292 565 οἰχύ·

161 611 280 680 μενον,
296 611 410 661 uorum
429 587 576 660 nimirum
595 611 719 660 memor
736 613 821 685 quuu
838 586 927 686 apud
945 583 1084 662 eundem
1100 586 1290 686 Euripidem

166 705 370 777 inveniuntur
389 704 517 778 Heruul.
536 707 597 777 14:
615 703 734 787 πόλις
749 703 817 797 μὲν
835 703 1007 800 οἴχεται.
1027 701 1104 780 Tru.
1119 707 1215 780 5963
1231 699 1293 777 οἶα

160 815 350 918 χὀρένας
372 823 550 911 πόλεως,
569 823 612 895 de
630 823 748 919 quibus
766 847 867 920 supra
885 849 917 920 p.
935 825 980 896 31
998 825 1073 896 dixi.
1105 824 1291 921 Numquam

165 941 251 1014 euim
273 954 426 1043 quautum
450 940 521 1013 scio
538 938 639 1012 verbo
657 935 817 1034 οἴχεσθαι
834 940 883 1012 vis
900 924 1049 1012 abeund?
1060 937 1206 1013 subiec'u
1225 955 1291 1031 est,

166 1070 201 1130 ut
219 1059 351 1149 nomini,
368 1058 396 1129 si
411 1057 499 1156 quod
514 1059 556 1129 ad
570 1057 677 1131 locum
691 1057 939 1156 significandum
951 1059 1136 1156 appositum
1150 1060 1204 1149 sit,
1222 1083 1290 1130 non

165 1176 317 1248 adiuncta
342 1175 384 1248 sit
407 1175 705 1273 praepositi03
733 1175 774 1247 cf.
796 1175 889 1249 Hom.
910 1175 945 1248 11.
966 1175 1037 1267 XV,
1065 1177 1154 1248 2233
1177 1174 1292 1271 οἴχε-

166 1317 231 1365 ται
257 1291 319 1375 εἰς
341 1293 409 1364 ἅλα
426 1294 513 1366 θῖαν.
543 1293 633 1367 4993
651 1290 758 1365 εἴκεν
772 1293 896 1388 Ἀχαιοί
912 1291 1108 1389 οἴχωνται
1126 1291 1189 1365 σόν
1207 1318 1291 1389 νηο-

166 1409 200 1482 σὶ
221 1411 321 1508 φθην
343 1410 390 1493 ἐς
410 1411 560 1503 πατρίδα
582 1413 693 1505 χαῖαν.
722 1410 784 1483 Od.
803 1411 861 1500 16,
877 1413 924 1484 24
943 1425 976 1484 ot
996 1413 1083 1484 142:
1102 1407 1217 1506 ᾤχεο
1235 1409 1299 1507 νηῒ

166 1528 341 1600 Πύλονδε.
362 1524 1136 1622 1066055.λίΙΙ,403ᾤχετοιλὲπρθςθεόν.
1158 1529 1288 1628 Fragm.

100 1716 105 1730 s
170 1647 253 1735 144,
273 1649 311 1720 23
338 1647 358 1718 ό
384 1645 427 1717 ιλὲ
448 1646 608 1741 χλωραῖς
631 1644 784 1717 ἐλάταισι
810 1644 930 1728 τυπεὶς
953 1643 1075 1740 ᾤχετ’
1097 1644 1143 1728 ἐς
1158 1646 1290 1742 χθόνα.

167 1761 314 1860 Theogu.
326 1765 439 1835 12923
452 1759 584 1858 ᾤχετο
598 1763 631 1833 θ’
643 1764 784 1862 ύῷηλὰς
796 1761 1149 1859 ἐςκορυρὰςόρέων.
1166 1763 1288 1836 Aesob.

53 1925 61 1934 -
167 1882 259 1955 Pers.
278 1883 310 1952 1:
332 1881 418 1953 πάθε
435 1880 503 1974 μὲν
520 1880 668 1973 Περσῶν
691 1886 759 1952 τῶν
781 1879 1011 1975 οἰχομένων
1024 1877 1160 1954 Ἑλλάδ’
1176 1881 1222 1964 ἐς
1239 1877 1290 1952 αἰ-

167 2021 210 2069 αν
236 1997 338 2070 πιστὰ
362 1999 524 2071 καλεῖται.
553 1999 626 2068 Eur.
641 1998 730 2071 fleo.
754 2000 845 2071 822:
871 1997 960 2094 αὐτὴ
987 1999 1021 2070 δ’
1046 1998 1109 2070 ἐπ’
1134 1997 1296 2094 αἰσχροῖς

167 2113 388 2212 αἰχμάλωτος
402 2112 579 2210 οἴχομαι.
605 2115 713 2188 Orest.
729 2118 820 2191 8463
839 2113 946 2209 πρὸς
959 2116 993 2186 θ’
1010 2115 1162 2210 ’όρχεῖον
1178 2113 1291 2212 οἶχε·
1436 2189 1437 2192 ,

168 2259 232 2306 ται
248 2234 349 2305 λεών.
378 2232 506 2306 Heracl.
522 2231 741 2316 8183Ὑλλος
751 2231 819 2327 μὲν
837 2231 899 2306 οὖν
916 2233 1098 2329 άπῷχετ’
1119 2233 1182 2316 εἰς
1196 2235 1291 2316 τάξιν

167 2353 276 2424 πάλιν.
310 2350 380 2423 Hel.
404 2352 517 2424 1219:
543 2350 589 2434 ἐς
612 2351 729 2445 αἰθέρ’
754 2349 927 2447 οἴχεται.
960 2354 1028 2451 lph.
1053 2352 1123 2424 Aul.
1146 2353 1193 2426 75
1216 2377 1290 2450 sq.:
1436 2377 1437 2436 }

168 2469 262 2563 ἐρῶν
277 2454 418 2564 ἐρῶσαν
431 2465 549 2564 ᾤχετ’
566 2468 817 2562 ἐξαναρπάσας
827 2465 966 2567 Ἑλένην
980 2467 1192 2567 πρὸςἼθης
1203 2469 1290 2568 βού-

170 2591 323 2680 σταθρα.
361 2585 478 2686 Suppl.
503 2587 567 2660 663
592 2584 751 2682 οἴχεται
776 2586 819 2658 όέ
841 2612 902 2679 μοι
924 2590 1038 2684 κῆρυξ
1061 2587 1167 2681 πρὸς
1189 2587 1288 2660 ἄστυ.

167 2707 258 2782 7093
272 2705 342 2778 αλλ’
358 2701 475 2801 ᾤχετ’
488 2703 549 2787 εἰς
564 2703 602 2776 τὸ
620 2705 749 2798 κάμνον
767 2703 894 2777 οἰκείου
912 2709 1073 2798 στρατοῦ.
1094 2706 1160 2778 lou.
1175 2705 1291 2780 11253

166 2821 273 2916 πρὸς
294 2824 416 2894 δεῖπνα
441 2823 582 2906 Ξοῦθος
601 2823 669 2916 μὲν
694 2820 857 2919 ᾤχετο.
887 2822 1051 2920 Aristoph.
1067 2804 1208 2896 Auharn.
1228 2826 1290 2896 813

167 2939 237 3012 ἀλλ’
254 2938 315 3022 εἰς
329 2941 511 3025 ἀπόπατον
528 2937 660 3037 ᾤχετο
677 2942 840 3035 στρατιὰν
857 2940 988 3040 λαβών.
1012 2941 1070 3012 Αν.
1089 2942 1203 3015 12693
1221 2941 1290 3012 όει-
1436 2919 1437 2952 ¹

167 3059 224 3132 νόν
249 3083 291 3153 χε
313 3057 371 3130 τόν
392 3060 531 3154 κήρυκα
553 3058 611 3130 τόν
634 3060 748 3152 παρὰ
775 3059 859 3142 τούς
878 3058 1036 3158 βροτούς
1057 3057 1288 3153 οἰχόμενον.
1436 3087 1437 3108 ³

166 3178 266 3277 Vesp.
282 3178 341 3252 513
366 3176 411 3258 ἐς
425 3176 585 3268 κόρακας
599 3173 830 3272 οἰχήσεται.
853 3179 961 3249 12713
983 3175 1194 3274 πρεσβεύων
1216 3175 1289 3268 γὰρ

167 3294 213 3377 ἐς
241 3295 425 3388 Φάρσαλον
448 3291 595 3390 ᾤχετο.
625 3295 757 3367 Thesm.
779 3295 868 3368 6453
892 3292 998 3378 αὖθις
1013 3294 1060 3377 ἐς
1075 3293 1113 3366 τὸ
1131 3293 1289 3386 πρόσθεν

166 3411 338 3508 οἴχεται.
358 3411 484 3487 Ecules.
496 3413 561 3485 623
573 3412 679 3485 ὁπόθ’
695 3412 787 3508 ἁνὴρ
805 3411 868 3494 εἰς
879 3411 1015 3506 άχορόν
1031 3409 1191 3507 οἴχοιτό
1204 3435 1288 3503 ρον.

166 3532 257 3605 5503
275 3531 328 3622 ρὰ
351 3527 399 3602 Δί
421 3529 496 3600 ἀλλ’
517 3527 580 3624 ἐφ’
600 3529 644 3625 ἣν
668 3527 897 3626 ἐχῷχόμην.
932 3529 1013 3601 Plut.
1036 3531 1100 3602 323
1122 3528 1290 3625 ᾤχύρην

166 3653 225 3731 ὡς
248 3647 306 3720 τὸν
331 3648 425 3721 θεόν.
454 3647 537 3734 Xer.
553 3647 656 3720 Auub.
673 3647 694 3738 1,
710 3649 767 3739 10,
786 3649 825 3722 53
845 3647 1014 3747 βασιλεὺς
1033 3647 1066 3720 θ’
1088 3646 1134 3720 αό
1159 3649 1291 3745 ἤκουσε
1436 3689 1437 3700 ¹

169 3765 436 3862 Τισσαφέρνους,
452 3765 503 3838 ότι
521 3766 557 3837 οἰ
564 3763 727 3862 Ἕλληνες
739 3807 784 3820 —-
801 3765 862 3846 εἰς
877 3764 916 3837 τό
934 3766 1090 3858 πρόσθεν
1108 3763 1291 3860 οἴχοιντο

165 3886 360 3966 διώκοντες.
388 3883 453 3974 vll,
468 3886 502 3974 7,
516 3885 581 3957 55:
604 3880 724 3978 ἔλεχον
742 3887 796 3966 ὡς
812 3885 980 3979 Ξενοφῶν
1002 3880 1163 3978 οἴχοιτο
1185 3880 1295 3975 πρὸς

166 4003 304 4099 Σεύθην
329 4001 491 4098 οἰκήσων.
534 4002 627 4074 Haud
654 3995 752 4074 serus
779 4014 841 4092 est,
873 4002 927 4073 ubi
954 4000 996 4072 ad
1023 4009 1200 4072 mortum
1226 3998 1292 4072 hou

166 4121 299 4194 verbum
322 4121 524 4209 transfertur,
552 4132 585 4191 ut
610 4119 703 4191 Hom.
725 4119 760 4190 11.
781 4118 880 4209 ΧΧΗ,
900 4109 990 4190 2133
1017 4113 1150 4211 ᾤχετο
1176 4116 1210 4187 θ’
1232 4114 1296 4198 εἰς
1436 4195 1437 4200 1

163 4239 283 4311 Ἁΐόαο.
320 4236 432 4329 xxm,
457 4239 544 4310 1003
571 4236 668 4336 ψυχὴ
694 4236 738 4308 δὲ
762 4236 875 4308 κατὰ
896 4233 1031 4329 χθονός
1055 4277 1100 4288 -
1129 4231 1289 4329 ᾤχετο.
