2914 4820
227 535 320 608 (led.
337 535 372 605 ll.
390 532 564 604 763-642

302 649 461 747 κᾶπεμῲ’
485 649 556 744 ἐγώ
580 675 642 722 νιν·
668 649 765 732 ἄξιος
784 651 852 744 γὰρ
876 649 925 720 οἷ’
946 650 1037 746 ἀνὴρ

303 768 455 850 δοῦλος
470 767 589 862 φέρειν
607 767 651 864 ἦν
669 770 774 865 τῆσδε
791 766 849 838 καὶ
867 767 974 860 μείζω
991 769 1106 863 χάριν.

152 893 196 964 Ex
222 890 419 964 scholiastae
444 889 724 985 interpretatione:
749 885 831 974 οἷον,
854 885 892 957 τὸ
911 884 1038 982 αἴτημα
1057 883 1122 981 οὐχ
1138 885 1262 978 dramd-

149 1011 241 1109 βωλε
258 1009 392 1098 δοῦλον,
412 1008 475 1077 hon
488 1005 693 1104 intellegitur,
712 1021 743 1078 et
757 1006 961 1079 scribendum
977 1005 1153 1102 essequod
1168 1001 1263 1074 ller-

153 1153 315 1200 mannus
334 1127 425 1196 vidit:
448 1123 585 1220 uiduis
613 1179 622 1213 ‚
647 1139 678 1198 et
701 1127 804 1224 ipsum
828 1126 889 1196 iarn
910 1125 1037 1222 'legisse
1061 1149 1145 1221 quae
1168 1123 1264 1193 hodie

156 1246 293 1343 legimus
311 1247 491 1341 depravata.
534 1245 722 1315 perversam
742 1259 846 1314 antem
866 1244 979 1315 luorum
999 1243 1168 1314 verborum
1188 1265 1264 1312 esse

158 1364 355 1449 sententiam,
371 1362 547 1454 luculenter
558 1369 663 1462 'nuper
677 1365 908 1435 demonstravit
921 1363 1137 1435 llleinelrius
1152 1365 1261 1452 [deal.

154 1511 186 1581 p.
205 1475 304 1572 239),
323 1483 414 1554 cuins
434 1485 574 1554 rationes
593 1508 656 1554 nnn
675 1483 718 1554 ita
738 1484 884 1554 refutavit
897 1479 936 1553 ll.
953 1481 1136 1554 Schmidt.
1155 1482 1263 1571 (Βίαν.

153 1628 217 1678 rer„
234 1605 329 1674 aelel.
346 1602 451 1672 Austr.
467 1599 535 1671 XV.
552 1629 583 1700 p.
601 1603 674 1695 26),
698 1615 731 1674 ut
753 1601 992 1673 assentiendum
1016 1600 1044 1671 ei
1063 1623 1138 1670 esse
1157 1598 1266 1670 videa·

154 1737 214 1792 tur.
251 1721 396 1817 Namque
420 1720 544 1792 lucusta
569 1743 640 1792 eum
665 1721 768 1792 dieat:
791 1719 910 1802 ἄξιος
929 1719 1049 1814 φέρειν
1074 1716 1118 1814 ἦν
1140 1717 1266 1814 τῆσδε

154 1839 222 1911 καὶ
240 1837 366 1930 μείζω
386 1839 526 1933 χάριν,
550 1851 662 1935 aperte
681 1837 835 1928 declarat
859 1837 969 1936 quanti
990 1838 1061 1935 ipsa
1079 1860 1207 1907 servum
1227 1832 1266 1904 il-

154 1959 217 2030 lum
236 1957 359 2047 lecerit,
383 1957 492 2054 itaque
511 1957 551 2028 de
570 1957 724 2053 dignitate
743 1957 814 2027 eius
831 1956 961 2042 iudicat,
985 1969 1018 2026 ut
1037 1954 1207 2026 detrahere
1225 1953 1267 2024 de

148 2079 226 2150 eius
251 2077 345 2148 laude
370 2075 542 2172 quicquam
566 2073 647 2146 velle
671 2077 854 2170 neutiquam
872 2074 1027 2145 videatur.
1069 2072 1266 2144 decederem
1335 2149 1337 2153 ⁸

159 2197 201 2267 ad
216 2198 379 2268 salmurii
391 2197 593 2283 sententium,
612 2193 639 2264 si
655 2193 737 2264 haee
751 2193 818 2264 lere
831 2193 956 2264 diceret
968 2178 1108 2263 loeaata:
1127 2187 1271 2270 πιστὸς

158 2315 239 2407 γάρ,
263 2312 309 2385 οἷ’
332 2313 422 2410 ἀνὴρ
449 2315 585 2403 δοῦλος,
609 2312 665 2410 ἦν,
689 2313 796 2384 ὥστε
823 2311 938 2394 ἄξιος
961 2310 1125 2405 χενέωίωι
1149 2309 1269 2405 φέρειν

157 2431 342 2530 moderat
361 2432 469 2523 μείζω
488 2433 603 2527 χάριν.
636 2432 729 2503 Nune
746 2457 821 2503 vern
840 2430 1031 2508 llleiuekinm
1050 2443 1138 2501 reete
1157 2429 1268 2501 existi·

156 2577 265 2623 masse
280 2553 427 2623 arbitror.
455 2551 540 2622 ldem
560 2565 664 2622 autem
681 2550 767 2647 quod
783 2550 935 2621 coniecit:
950 2547 992 2619 οἷ’
1005 2548 1096 2643 ἀνὴρ
1110 2547 1267 2634 πιστός,

158 2697 223 2742 nun
238 2671 390 2767 cogitavit
402 2671 464 2740 ium
480 2669 603 2766 pridem
618 2669 838 2740 aWundero
852 2667 1052 2764 propositum
1068 2689 1152 2737 esse.
1173 2665 1267 2751 Quod

161 2814 351 2886 quamquam
370 2789 410 2859 ad
430 2787 610 2859 sententiae
627 2787 782 2858 rationem
802 2787 881 2856 setis
900 2785 1048 2889 idoneum
1068 2797 1128 2872 est,
1155 2807 1267 2880 parurn

158 2921 262 2978 tamen
282 2906 380 2977 habet
397 2906 685 2986 eurnmendatiunis
703 2931 721 2976 a
741 2904 914 2977 litterarum
935 2903 1055 2974 lormie.
1089 2901 1270 2974 Probabili-

147 3051 196 3096 us
214 3039 265 3098 est
282 3025 342 3096 nisi
362 3051 414 3096 me
430 3024 508 3096 fallit
526 3023 614 3115 illud,
630 3025 716 3122 quod
732 3024 875 3096 locorum
890 3021 1013 3120 aliquot
1024 3022 1268 3119 Euripideorum
1332 3079 1335 3084 ,

159 3169 282 3216 memor
299 3145 414 3215 inveni.
446 3145 512 3241 lph.
531 3144 600 3216 tlul.
617 3145 690 3217 867
706 3145 789 3217 enim
809 3168 923 3216 servus*
940 3153 1097 3214 vetustate
1114 3141 1269 3238 probatus

158 3263 232 3334 lidei
251 3276 283 3334 et
295 3261 467 3333 voluntatis
486 3288 566 3335 suae
583 3263 622 3334 iu
634 3263 796 3335 dominam
815 3262 967 3334 conscius
987 3249 1080 3334 dicit}
1095 3257 1197 3330 eluda
1211 3260 1270 3354 δῆ-

121 3398 127 3408 “
158 3383 201 3452 τά.
211 3380 251 3473 μ’
268 3379 361 3462 ὅστις
371 3381 422 3451 ὢν
434 3378 490 3451 uu?
501 3379 559 3450 καὶ
573 3379 761 3461 τέκνοις-εὔ
766 3403 864 3461 νους
875 3375 971 3474 ἔρνν.
1000 3375 1154 3450 Similiter
1166 3378 1271 3449 nutrix

161 3501 255 3598 Hipp.
279 3499 371 3572 698:
397 3495 539 3596 ἔθρεψά
557 3497 590 3568 cr’
607 3497 755 3579 εὔνους
770 3497 799 3567 τ’
817 3495 893 3590 εἶμί,
912 3511 945 3570 et
962 3497 1083 3569 Creusa
1102 3497 1184 3568 haee
1201 3497 1271 3567 seni

161 3620 308 3690 ministro
327 3618 403 3690 dicit
420 3619 485 3690 lun.
502 3619 591 3690 732:
613 3615 633 3688 d
647 3617 699 3714 μὴ
719 3617 850 3712 χένοιτο
868 3615 916 3704 d’,
940 3614 976 3688 εἴ
987 3639 1018 3687 τι
1034 3617 1193 3711 madunt
1209 3640 1272 3687 κα·
1344 3663 1350 3670 -

146 3728 230 3826 ινόν,
256 3736 307 3818 εἰς
327 3735 451 3829 ὄμματ’
469 3735 592 3809 εὔνου
614 3735 755 3831 ρωτίς
773 3735 946 3834 ἐμβλέψαι
968 3734 1082 3829 fland.
1109 3735 1185 3806 ltem
1203 3734 1273 3806 dn-

160 3857 357 3928 drnmaelrae
381 3856 527 3936 minister
543 3855 697 3928 Androm.
713 3855 780 3928 59:
802 3855 952 3938 εὔνους
971 3853 1014 3926 de
1029 3849 1087 3925 tat
1104 3853 1159 3926 σοὶ
1178 3851 1279 3934 ζῶντί

159 3975 188 4046 τ’
212 3974 257 4072 ἦν
282 3980 335 4068 τῷ
360 3979 416 4068 σῷ
439 3974 549 4046 πόσει.
593 3974 687 4046 Addo
710 3975 823 4072 fragm.
846 3974 939 4047 533:
968 3977 1021 4056 ὡς
1047 3971 1115 4070 ἡδὺ
1138 3972 1276 4052 δούλως

160 4094 335 4175 δεσπότας
345 4092 525 4189 χρηστοὺς
538 4093 656 4192 λαβεῖν
668 4091 727 4165 καὶ
737 4093 936 4164 δεσπόταισι
953 4093 1099 4164 δοῦλον
1117 4090 1272 4186 εὐμενῆ

158 4212 288 4305 δόμοις.
323 4211 409 4298 Quid
426 4208 549 4309 igitnr‘l
566 4212 718 4310 ineptene
736 4213 862 4284 locusta
880 4212 1018 4285 diceret:

715 4327 817 4412 ἄξιος
831 4331 899 4424 γὰρ
917 4329 966 4401 οἷ’»
981 4329 1071 4426 ἀνὴρ
