<?xml version="1.0" encoding="UTF-8"?>
<!DOCTYPE html PUBLIC "-//W3C//DTD XHTML 1.0 Transitional//EN"
    "http://www.w3.org/TR/xhtml1/DTD/xhtml1-transitional.dtd">
<html xmlns="http://www.w3.org/1999/xhtml" xml:lang="en" lang="en">
 <head>
  <title>
</title>
<meta http-equiv="Content-Type" content="text/html;charset=utf-8" />
  <meta name='ocr-system' content='tesseract 3.04.00' />
  <meta name='ocr-capabilities' content='ocr_page ocr_carea ocr_par ocr_line ocrx_word'/>
</head>
<body>
  <div class='ocr_page' id='page_1' title='image "./analectasophocl00schmgoog_0012.png"; bbox 0 0 2914 4820; ppageno 0'>
   <div class='ocr_carea' id='block_1_1' title="bbox 26 1650 1269 2044">
    <p class='ocr_par' dir='ltr' id='par_1_1' title="bbox 26 1650 1269 2044">
     <span class='ocr_line' id='line_1_1' title="bbox 153 1650 1269 1815; baseline -0.008 -29"><span class='ocrx_word' id='word_1_1' title='bbox 153 1650 343 1809; x_wconf 78' lang='lat' dir='ltr'><strong>Oedipum</strong></span> <span class='ocrx_word' id='word_1_2' title='bbox 351 1711 528 1785; x_wconf 88' lang='lat' dir='ltr'><strong>Coloneum</strong></span> <span class='ocrx_word' id='word_1_3' title='bbox 540 1708 758 1782; x_wconf 80' lang='lat' dir='ltr'><strong>Meinelrius</strong></span> <span class='ocrx_word' id='word_1_4' title='bbox 773 1709 874 1815; x_wconf 87' lang='lat' dir='ltr'><strong>edidit</strong></span> <span class='ocrx_word' id='word_1_5' title='bbox 886 1733 960 1780; x_wconf 91' lang='lat' dir='ltr'><strong>cum</strong></span> <span class='ocrx_word' id='word_1_6' title='bbox 975 1707 1047 1780; x_wconf 86' lang='lat' dir='ltr'><strong>aliis</strong></span> <span class='ocrx_word' id='word_1_7' title='bbox 1061 1707 1178 1779; x_wconf 82' lang='lat' dir='ltr'><strong>ductus</strong></span> <span class='ocrx_word' id='word_1_8' title='bbox 1192 1729 1269 1780; x_wconf 85' lang='lat' dir='ltr'><strong>cau-</strong></span> 
     </span>
     <span class='ocr_line' id='line_1_2' title="bbox 26 1823 1268 1926; baseline -0.002 -28"><span class='ocrx_word' id='word_1_9' title='bbox 26 1893 27 1922; x_wconf 59' lang='lat'><strong>,</strong></span> <span class='ocrx_word' id='word_1_10' title='bbox 151 1829 200 1898; x_wconf 91' lang='lat' dir='ltr'><strong>sis</strong></span> <span class='ocrx_word' id='word_1_11' title='bbox 218 1842 283 1901; x_wconf 91' lang='lat' dir='ltr'><strong>tum</strong></span> <span class='ocrx_word' id='word_1_12' title='bbox 302 1855 343 1900; x_wconf 88' lang='lat' dir='ltr'><strong>eo</strong></span> <span class='ocrx_word' id='word_1_13' title='bbox 361 1829 509 1920; x_wconf 92' lang='lat' dir='ltr'><strong>oonsilio,</strong></span> <span class='ocrx_word' id='word_1_14' title='bbox 531 1841 566 1900; x_wconf 92' lang='lat' dir='ltr'><strong>ut</strong></span> <span class='ocrx_word' id='word_1_15' title='bbox 587 1827 808 1926; x_wconf 86' lang='lat' dir='ltr'><strong>plurimorum,</strong></span> <span class='ocrx_word' id='word_1_16' title='bbox 825 1827 887 1925; x_wconf 49' lang='lat' dir='ltr'><strong>*qui</strong></span> <span class='ocrx_word' id='word_1_17' title='bbox 909 1826 1007 1900; x_wconf 88' lang='lat' dir='ltr'><strong>hodie</strong></span> <span class='ocrx_word' id='word_1_18' title='bbox 1027 1823 1268 1923; x_wconf 84' lang='lat' dir='ltr'>Sophoclis</span> 
     </span>
     <span class='ocr_line' id='line_1_3' title="bbox 26 1939 1269 2044; baseline -0.002 -27"><span class='ocrx_word' id='word_1_19' title='bbox 26 1939 27 1956; x_wconf 54' lang='lat'>¹</span> <span class='ocrx_word' id='word_1_20' title='bbox 152 1946 330 2043; x_wconf 85' lang='lat' dir='ltr'><strong>tragoediis</strong></span> <span class='ocrx_word' id='word_1_21' title='bbox 352 1971 485 2044; x_wconf 81' lang='lat' dir='ltr'><strong>operam</strong></span> <span class='ocrx_word' id='word_1_22' title='bbox 507 1947 623 2018; x_wconf 89' lang='lat' dir='ltr'><strong>darent</strong></span> <span class='ocrx_word' id='word_1_23' title='bbox 644 1946 868 2035; x_wconf 87' lang='lat' dir='ltr'><strong>emendandis,</strong></span> <span class='ocrx_word' id='word_1_24' title='bbox 895 1945 1083 2017; x_wconf 87' lang='lat' dir='ltr'><strong>ellrenatam</strong></span> <span class='ocrx_word' id='word_1_25' title='bbox 1112 1944 1269 2040; x_wconf 87' lang='lat' dir='ltr'><strong>reprime·</strong></span> 
     </span>
    </p>
   </div>
   <div class='ocr_carea' id='block_1_2' title="bbox 26 2062 1270 2397">
    <p class='ocr_par' dir='ltr' id='par_1_2' title="bbox 26 2062 1270 2397">
     <span class='ocr_line' id='line_1_4' title="bbox 26 2062 1270 2164; baseline 0 -32"><span class='ocrx_word' id='word_1_26' title='bbox 26 2095 27 2158; x_wconf 58' lang='lat'><strong>,</strong></span> <span class='ocrx_word' id='word_1_27' title='bbox 152 2077 203 2137; x_wconf 87' lang='lat' dir='ltr'><strong>rot</strong></span> <span class='ocrx_word' id='word_1_28' title='bbox 218 2063 250 2134; x_wconf 90' lang='lat' dir='ltr'><strong>in</strong></span> <span class='ocrx_word' id='word_1_29' title='bbox 268 2065 522 2164; x_wconf 81' lang='lat' dir='ltr'><strong>transmutandis</strong></span> <span class='ocrx_word' id='word_1_30' title='bbox 539 2078 658 2162; x_wconf 87' lang='lat' dir='ltr'><strong>poetae</strong></span> <span class='ocrx_word' id='word_1_31' title='bbox 677 2063 785 2136; x_wconf 88' lang='lat' dir='ltr'><strong>verbis</strong></span> <span class='ocrx_word' id='word_1_32' title='bbox 803 2062 984 2134; x_wconf 87' lang='lat' dir='ltr'><strong>audaciam.</strong></span> <span class='ocrx_word' id='word_1_33' title='bbox 1017 2063 1113 2148; x_wconf 86' lang='lat' dir='ltr'><strong>Quod</strong></span> <span class='ocrx_word' id='word_1_34' title='bbox 1137 2062 1163 2132; x_wconf 94' lang='lat' dir='ltr'><strong>si</strong></span> <span class='ocrx_word' id='word_1_35' title='bbox 1189 2085 1270 2132; x_wconf 88' lang='lat' dir='ltr'><strong>oon-</strong></span> 
     </span>
     <span class='ocr_line' id='line_1_5' title="bbox 26 2167 1270 2279; baseline 0 -29"><span class='ocrx_word' id='word_1_36' title='bbox 26 2167 29 2178; x_wconf 39' lang='lat'>*</span> <span class='ocrx_word' id='word_1_37' title='bbox 153 2181 345 2272; x_wconf 68' lang='lat' dir='ltr'><strong>sideramus,</strong></span> <span class='ocrx_word' id='word_1_38' title='bbox 371 2207 456 2279; x_wconf 91' lang='lat' dir='ltr'><strong>quae</strong></span> <span class='ocrx_word' id='word_1_39' title='bbox 477 2183 550 2279; x_wconf 86' lang='lat' dir='ltr'><strong>ipse</strong></span> <span class='ocrx_word' id='word_1_40' title='bbox 569 2181 616 2252; x_wconf 90' lang='lat' dir='ltr'><strong>vir</strong></span> <span class='ocrx_word' id='word_1_41' title='bbox 635 2180 844 2252; x_wconf 89' lang='lat' dir='ltr'><strong>doctissimus</strong></span> <span class='ocrx_word' id='word_1_42' title='bbox 863 2179 954 2251; x_wconf 87' lang='lat' dir='ltr'><strong>etde</strong></span> <span class='ocrx_word' id='word_1_43' title='bbox 972 2179 1033 2250; x_wconf 90' lang='lat' dir='ltr'><strong>hac</strong></span> <span class='ocrx_word' id='word_1_44' title='bbox 1050 2178 1218 2276; x_wconf 74' lang='lat' dir='ltr'><strong>tragoedia</strong></span> <span class='ocrx_word' id='word_1_45' title='bbox 1237 2192 1270 2250; x_wconf 90' lang='lat' dir='ltr'><strong>et</strong></span> 
     </span>
     <span class='ocr_line' id='line_1_6' title="bbox 26 2299 1269 2397; baseline 0.003 -33"><span class='ocrx_word' id='word_1_46' title='bbox 26 2361 27 2364; x_wconf 74' lang='grc'>,</span> <span class='ocrx_word' id='word_1_47' title='bbox 154 2299 339 2372; x_wconf 84' lang='lat' dir='ltr'><strong>denoteris</strong></span> <span class='ocrx_word' id='word_1_48' title='bbox 366 2300 398 2370; x_wconf 91' lang='lat' dir='ltr'><strong>in</strong></span> <span class='ocrx_word' id='word_1_49' title='bbox 424 2300 589 2372; x_wconf 89' lang='lat' dir='ltr'><strong>Analectis</strong></span> <span class='ocrx_word' id='word_1_50' title='bbox 615 2299 800 2397; x_wconf 85' lang='lat' dir='ltr'><strong>disputavit,</strong></span> <span class='ocrx_word' id='word_1_51' title='bbox 823 2299 980 2371; x_wconf 85' lang='lat' dir='ltr'><strong>incertum</strong></span> <span class='ocrx_word' id='word_1_52' title='bbox 1004 2323 1084 2370; x_wconf 87' lang='lat' dir='ltr'><strong>sane</strong></span> <span class='ocrx_word' id='word_1_53' title='bbox 1108 2310 1169 2389; x_wconf 88' lang='lat' dir='ltr'><strong>est,</strong></span> <span class='ocrx_word' id='word_1_54' title='bbox 1194 2323 1269 2368; x_wconf 91' lang='lat' dir='ltr'><strong>num</strong></span> 
     </span>
    </p>
   </div>
   <div class='ocr_carea' id='block_1_3' title="bbox 138 2414 1346 3575">
    <p class='ocr_par' dir='ltr' id='par_1_3' title="bbox 138 2414 1346 3575">
     <span class='ocr_line' id='line_1_7' title="bbox 152 2414 1270 2515; baseline 0.002 -29"><span class='ocrx_word' id='word_1_55' title='bbox 152 2417 269 2490; x_wconf 87' lang='lat' dir='ltr'><strong>idonea</strong></span> <span class='ocrx_word' id='word_1_56' title='bbox 284 2443 323 2489; x_wconf 87' lang='lat' dir='ltr'><strong>aa</strong></span> <span class='ocrx_word' id='word_1_57' title='bbox 337 2419 378 2488; x_wconf 94' lang='lat' dir='ltr'><strong>ad</strong></span> <span class='ocrx_word' id='word_1_58' title='bbox 394 2417 679 2515; x_wconf 82' lang='lat' dir='ltr'><strong>constringendam</strong></span> <span class='ocrx_word' id='word_1_59' title='bbox 694 2417 898 2490; x_wconf 90' lang='lat' dir='ltr'><strong>coniectandi</strong></span> <span class='ocrx_word' id='word_1_60' title='bbox 914 2414 1076 2490; x_wconf 78' lang='lat' dir='ltr'><strong>licentiam</strong></span> <span class='ocrx_word' id='word_1_61' title='bbox 1090 2441 1166 2488; x_wconf 88' lang='lat' dir='ltr'><strong>esse</strong></span> <span class='ocrx_word' id='word_1_62' title='bbox 1180 2415 1270 2488; x_wconf 85' lang='lat' dir='ltr'><strong>uide-</strong></span> 
     </span>
     <span class='ocr_line' id='line_1_8' title="bbox 150 2533 1270 2626; baseline -0.004 -20"><span class='ocrx_word' id='word_1_63' title='bbox 150 2548 256 2626; x_wconf 86' lang='lat' dir='ltr'><strong>antur,</strong></span> <span class='ocrx_word' id='word_1_64' title='bbox 275 2536 339 2608; x_wconf 89' lang='lat' dir='ltr'><strong>hoc</strong></span> <span class='ocrx_word' id='word_1_65' title='bbox 357 2561 433 2608; x_wconf 87' lang='lat' dir='ltr'><strong>vero</strong></span> <span class='ocrx_word' id='word_1_66' title='bbox 452 2548 590 2625; x_wconf 84' lang='lat' dir='ltr'><strong>constat,</strong></span> <span class='ocrx_word' id='word_1_67' title='bbox 608 2535 749 2607; x_wconf 90' lang='lat' dir='ltr'><strong>studium</strong></span> <span class='ocrx_word' id='word_1_68' title='bbox 767 2534 960 2608; x_wconf 90' lang='lat' dir='ltr'><strong>emendandi</strong></span> <span class='ocrx_word' id='word_1_69' title='bbox 980 2559 1043 2605; x_wconf 92' lang='lat' dir='ltr'><strong>non</strong></span> <span class='ocrx_word' id='word_1_70' title='bbox 1063 2533 1270 2622; x_wconf 80' lang='lat' dir='ltr'><strong>mediocriter</strong></span> 
     </span>
     <span class='ocr_line' id='line_1_9' title="bbox 151 2644 1269 2750; baseline -0.001 -25"><span class='ocrx_word' id='word_1_71' title='bbox 151 2677 225 2725; x_wconf 90' lang='lat' dir='ltr'><strong>eum</strong></span> <span class='ocrx_word' id='word_1_72' title='bbox 244 2644 417 2726; x_wconf 83' lang='lat' dir='ltr'><strong>excitasse.</strong></span> <span class='ocrx_word' id='word_1_73' title='bbox 456 2653 549 2725; x_wconf 93' lang='lat' dir='ltr'><strong>Haud</strong></span> <span class='ocrx_word' id='word_1_74' title='bbox 563 2677 669 2750; x_wconf 85' lang='lat' dir='ltr'><strong>pauca</strong></span> <span class='ocrx_word' id='word_1_75' title='bbox 684 2653 768 2724; x_wconf 90' lang='lat' dir='ltr'><strong>enim</strong></span> <span class='ocrx_word' id='word_1_76' title='bbox 783 2676 855 2724; x_wconf 88' lang='lat' dir='ltr'><strong>oum</strong></span> <span class='ocrx_word' id='word_1_77' title='bbox 870 2652 967 2724; x_wconf 91' lang='lat' dir='ltr'><strong>docte</strong></span> <span class='ocrx_word' id='word_1_78' title='bbox 980 2651 1172 2740; x_wconf 80' lang='lat' dir='ltr'><strong>defenderit,</strong></span> <span class='ocrx_word' id='word_1_79' title='bbox 1189 2651 1269 2724; x_wconf 90' lang='lat' dir='ltr'><strong>satis</strong></span> 
     </span>
     <span class='ocr_line' id='line_1_10' title="bbox 151 2755 1270 2868; baseline 0 -28"><span class='ocrx_word' id='word_1_80' title='bbox 151 2755 261 2861; x_wconf 87' lang='lat' dir='ltr'><strong>multa,</strong></span> <span class='ocrx_word' id='word_1_81' title='bbox 274 2797 358 2868; x_wconf 88' lang='lat' dir='ltr'><strong>quae</strong></span> <span class='ocrx_word' id='word_1_82' title='bbox 375 2771 523 2868; x_wconf 88' lang='lat' dir='ltr'><strong>indigere</strong></span> <span class='ocrx_word' id='word_1_83' title='bbox 536 2772 721 2843; x_wconf 88' lang='lat' dir='ltr'><strong>viderentur</strong></span> <span class='ocrx_word' id='word_1_84' title='bbox 734 2770 979 2861; x_wconf 82' lang='lat' dir='ltr'><strong>emendationis,</strong></span> <span class='ocrx_word' id='word_1_85' title='bbox 993 2794 1057 2868; x_wconf 90' lang='lat' dir='ltr'><strong>qua</strong></span> <span class='ocrx_word' id='word_1_86' title='bbox 1075 2769 1204 2868; x_wconf 88' lang='lat' dir='ltr'><strong>excellit</strong></span> <span class='ocrx_word' id='word_1_87' title='bbox 1220 2771 1270 2840; x_wconf 92' lang='lat' dir='ltr'><strong>in·</strong></span> 
     </span>
     <span class='ocr_line' id='line_1_11' title="bbox 151 2887 1270 2987; baseline 0.002 -28"><span class='ocrx_word' id='word_1_88' title='bbox 151 2887 238 2984; x_wconf 90' lang='lat' dir='ltr'><strong>genii</strong></span> <span class='ocrx_word' id='word_1_89' title='bbox 261 2888 331 2959; x_wconf 89' lang='lat' dir='ltr'><strong>acie</strong></span> <span class='ocrx_word' id='word_1_90' title='bbox 354 2889 587 2987; x_wconf 88' lang='lat' dir='ltr'><strong>doctrinaeque</strong></span> <span class='ocrx_word' id='word_1_91' title='bbox 612 2887 719 2984; x_wconf 89' lang='lat' dir='ltr'><strong>copia,</strong></span> <span class='ocrx_word' id='word_1_92' title='bbox 748 2887 821 2985; x_wconf 88' lang='lat' dir='ltr'><strong>ipse</strong></span> <span class='ocrx_word' id='word_1_93' title='bbox 843 2887 1017 2985; x_wconf 77' lang='lat' dir='ltr'><strong>indagavit,</strong></span> <span class='ocrx_word' id='word_1_94' title='bbox 1041 2888 1194 2960; x_wconf 88' lang='lat' dir='ltr'><strong>nonnulla</strong></span> <span class='ocrx_word' id='word_1_95' title='bbox 1217 2915 1270 2961; x_wconf 90' lang='lat' dir='ltr'><strong>re-</strong></span> 
     </span>
     <span class='ocr_line' id='line_1_12' title="bbox 138 3004 1270 3104; baseline 0.005 -30"><span class='ocrx_word' id='word_1_96' title='bbox 138 3004 244 3103; x_wconf 46' lang='lat' dir='ltr'><strong>,liquit</strong></span> <span class='ocrx_word' id='word_1_97' title='bbox 266 3006 382 3103; x_wconf 88' lang='lat' dir='ltr'><strong>partim</strong></span> <span class='ocrx_word' id='word_1_98' title='bbox 406 3031 470 3078; x_wconf 89' lang='lat' dir='ltr'><strong>non</strong></span> <span class='ocrx_word' id='word_1_99' title='bbox 488 3007 569 3079; x_wconf 88' lang='lat' dir='ltr'><strong>satis</strong></span> <span class='ocrx_word' id='word_1_100' title='bbox 587 3007 737 3103; x_wconf 86' lang='lat' dir='ltr'><strong>expedita</strong></span> <span class='ocrx_word' id='word_1_101' title='bbox 760 3007 878 3104; x_wconf 90' lang='lat' dir='ltr'><strong>partim</strong></span> <span class='ocrx_word' id='word_1_102' title='bbox 896 3006 1070 3078; x_wconf 87' lang='lat' dir='ltr'><strong>admodum</strong></span> <span class='ocrx_word' id='word_1_103' title='bbox 1088 3007 1211 3079; x_wconf 87' lang='lat' dir='ltr'><strong>incerta</strong></span> <span class='ocrx_word' id='word_1_104' title='bbox 1229 3033 1270 3080; x_wconf 90' lang='lat' dir='ltr'><strong>ao</strong></span> 
     </span>
     <span class='ocr_line' id='line_1_13' title="bbox 151 3123 1268 3223; baseline 0.003 -31"><span class='ocrx_word' id='word_1_105' title='bbox 151 3123 260 3194; x_wconf 69' lang='lat' dir='ltr'><strong>dubia·</strong></span> <span class='ocrx_word' id='word_1_106' title='bbox 296 3123 330 3193; x_wconf 94' lang='lat' dir='ltr'><strong>ln</strong></span> <span class='ocrx_word' id='word_1_107' title='bbox 349 3124 468 3220; x_wconf 91' lang='lat' dir='ltr'><strong>quibus</strong></span> <span class='ocrx_word' id='word_1_108' title='bbox 480 3124 613 3216; x_wconf 19' lang='lat' dir='ltr'><strong>,tametsi</strong></span> <span class='ocrx_word' id='word_1_109' title='bbox 633 3123 800 3221; x_wconf 87' lang='lat' dir='ltr'><strong>complura</strong></span> <span class='ocrx_word' id='word_1_110' title='bbox 819 3137 894 3196; x_wconf 91' lang='lat' dir='ltr'><strong>sunt</strong></span> <span class='ocrx_word' id='word_1_111' title='bbox 912 3125 955 3197; x_wconf 92' lang='lat' dir='ltr'><strong>ita</strong></span> <span class='ocrx_word' id='word_1_112' title='bbox 974 3125 1162 3223; x_wconf 87' lang='lat' dir='ltr'><strong>depravata,</strong></span> <span class='ocrx_word' id='word_1_113' title='bbox 1185 3138 1219 3198; x_wconf 91' lang='lat' dir='ltr'><strong>ut</strong></span> <span class='ocrx_word' id='word_1_114' title='bbox 1236 3126 1268 3196; x_wconf 92' lang='lat' dir='ltr'><strong>in</strong></span> 
     </span>
     <span class='ocr_line' id='line_1_14' title="bbox 151 3234 1346 3339; baseline 0.003 -29"><span class='ocrx_word' id='word_1_115' title='bbox 151 3252 263 3312; x_wconf 91' lang='lat' dir='ltr'><strong>nostra</strong></span> <span class='ocrx_word' id='word_1_116' title='bbox 277 3240 444 3312; x_wconf 90' lang='lat' dir='ltr'><strong>meliorum</strong></span> <span class='ocrx_word' id='word_1_117' title='bbox 460 3234 612 3312; x_wconf 83' lang='lat' dir='ltr'><strong>librorum</strong></span> <span class='ocrx_word' id='word_1_118' title='bbox 627 3241 736 3338; x_wconf 89' lang='lat' dir='ltr'><strong>inopia</strong></span> <span class='ocrx_word' id='word_1_119' title='bbox 751 3266 908 3339; x_wconf 86' lang='lat' dir='ltr'><strong>umquam¹</strong></span> <span class='ocrx_word' id='word_1_120' title='bbox 922 3243 964 3314; x_wconf 91' lang='lat' dir='ltr'><strong>ad</strong></span> <span class='ocrx_word' id='word_1_121' title='bbox 978 3243 1149 3316; x_wconf 87' lang='lat' dir='ltr'><strong>sanitatem</strong></span> <span class='ocrx_word' id='word_1_122' title='bbox 1164 3269 1203 3316; x_wconf 87' lang='lat' dir='ltr'><strong>ea</strong></span> <span class='ocrx_word' id='word_1_123' title='bbox 1217 3248 1274 3314; x_wconf 65' lang='lat' dir='ltr'><strong>re·x</strong></span> <span class='ocrx_word' id='word_1_124' title='bbox 1307 3315 1311 3318; x_wconf 81' lang='grc'><strong>,</strong></span> <span class='ocrx_word' id='word_1_125' title='bbox 1343 3315 1346 3322; x_wconf 73' lang='grc'>,</span> 
     </span>
     <span class='ocr_line' id='line_1_15' title="bbox 151 3351 1269 3460; baseline 0.005 -32"><span class='ocrx_word' id='word_1_126' title='bbox 151 3358 259 3430; x_wconf 91' lang='lat' dir='ltr'><strong>vocari</strong></span> <span class='ocrx_word' id='word_1_127' title='bbox 278 3385 380 3456; x_wconf 89' lang='lat' dir='ltr'><strong>posse</strong></span> <span class='ocrx_word' id='word_1_128' title='bbox 398 3351 640 3457; x_wconf 88' lang='lat' dir='ltr'><strong>desperandum</strong></span> <span class='ocrx_word' id='word_1_129' title='bbox 658 3383 739 3430; x_wconf 88' lang='lat' dir='ltr'><strong>sano</strong></span> <span class='ocrx_word' id='word_1_130' title='bbox 758 3361 817 3432; x_wconf 87' lang='lat' dir='ltr'><strong>sit:</strong></span> <span class='ocrx_word' id='word_1_131' title='bbox 837 3359 1041 3432; x_wconf 87' lang='lat' dir='ltr'><strong>inveniuntur</strong></span> <span class='ocrx_word' id='word_1_132' title='bbox 1059 3374 1165 3434; x_wconf 89' lang='lat' dir='ltr'><strong>tamen</strong></span> <span class='ocrx_word' id='word_1_133' title='bbox 1184 3387 1269 3460; x_wconf 88' lang='lat' dir='ltr'><strong>quae</strong></span> 
     </span>
     <span class='ocr_line' id='line_1_16' title="bbox 151 3455 1269 3575; baseline 0.004 -29"><span class='ocrx_word' id='word_1_134' title='bbox 151 3476 299 3548; x_wconf 89' lang='lat' dir='ltr'><strong>hominos</strong></span> <span class='ocrx_word' id='word_1_135' title='bbox 318 3476 416 3548; x_wconf 92' lang='lat' dir='ltr'><strong>divini</strong></span> <span class='ocrx_word' id='word_1_136' title='bbox 437 3455 554 3574; x_wconf 75' lang='lat' dir='ltr'><strong>poetae</strong></span> <span class='ocrx_word' id='word_1_137' title='bbox 571 3476 738 3549; x_wconf 89' lang='lat' dir='ltr'><strong>studiosos</strong></span> <span class='ocrx_word' id='word_1_138' title='bbox 752 3477 944 3575; x_wconf 87' lang='lat' dir='ltr'><strong>nescioquo</strong></span> <span class='ocrx_word' id='word_1_139' title='bbox 963 3492 1058 3575; x_wconf 84' lang='lat' dir='ltr'><strong>pacto</strong></span> <span class='ocrx_word' id='word_1_140' title='bbox 1073 3473 1207 3551; x_wconf 87' lang='lat' dir='ltr'><strong>incitent</strong></span> <span class='ocrx_word' id='word_1_141' title='bbox 1219 3493 1269 3551; x_wconf 90' lang='lat' dir='ltr'><strong>at-</strong></span> 
     </span>
    </p>
   </div>
   <div class='ocr_carea' id='block_1_4' title="bbox 26 3592 1268 3694">
    <p class='ocr_par' dir='ltr' id='par_1_4' title="bbox 26 3592 1268 3694">
     <span class='ocr_line' id='line_1_17' title="bbox 26 3592 1268 3694; baseline 0.006 -32"><span class='ocrx_word' id='word_1_142' title='bbox 26 3681 27 3686; x_wconf 11' lang='lat'><strong>,</strong></span> <span class='ocrx_word' id='word_1_143' title='bbox 151 3617 215 3690; x_wconf 94' lang='lat' dir='ltr'><strong>que</strong></span> <span class='ocrx_word' id='word_1_144' title='bbox 229 3592 372 3665; x_wconf 90' lang='lat' dir='ltr'><strong>alliciant</strong></span> <span class='ocrx_word' id='word_1_145' title='bbox 385 3594 427 3665; x_wconf 91' lang='lat' dir='ltr'><strong>ad</strong></span> <span class='ocrx_word' id='word_1_146' title='bbox 443 3593 701 3691; x_wconf 89' lang='lat' dir='ltr'><strong>periclitandum.</strong></span> <span class='ocrx_word' id='word_1_147' title='bbox 742 3593 788 3664; x_wconf 86' lang='lat' dir='ltr'><strong>Ex</strong></span> <span class='ocrx_word' id='word_1_148' title='bbox 802 3594 866 3666; x_wconf 94' lang='lat' dir='ltr'><strong>hoc</strong></span> <span class='ocrx_word' id='word_1_149' title='bbox 878 3608 985 3668; x_wconf 88' lang='lat' dir='ltr'><strong>autem</strong></span> <span class='ocrx_word' id='word_1_150' title='bbox 1000 3597 1107 3669; x_wconf 91' lang='lat' dir='ltr'><strong>studio</strong></span> <span class='ocrx_word' id='word_1_151' title='bbox 1121 3598 1268 3694; x_wconf 87' lang='lat' dir='ltr'><strong>prolecta</strong></span> 
     </span>
    </p>
   </div>
   <div class='ocr_carea' id='block_1_5' title="bbox 149 3710 1269 4488">
    <p class='ocr_par' dir='ltr' id='par_1_5' title="bbox 151 3710 1269 3807">
     <span class='ocr_line' id='line_1_18' title="bbox 151 3710 1269 3807; baseline 0.007 -28"><span class='ocrx_word' id='word_1_152' title='bbox 151 3722 226 3780; x_wconf 85' lang='lat' dir='ltr'><strong>sunt</strong></span> <span class='ocrx_word' id='word_1_153' title='bbox 240 3734 325 3806; x_wconf 88' lang='lat' dir='ltr'><strong>quae</strong></span> <span class='ocrx_word' id='word_1_154' title='bbox 339 3710 401 3781; x_wconf 88' lang='lat' dir='ltr'><strong>hoc</strong></span> <span class='ocrx_word' id='word_1_155' title='bbox 414 3710 523 3782; x_wconf 91' lang='lat' dir='ltr'><strong>libello</strong></span> <span class='ocrx_word' id='word_1_156' title='bbox 539 3710 581 3783; x_wconf 92' lang='lat' dir='ltr'><strong>de</strong></span> <span class='ocrx_word' id='word_1_157' title='bbox 595 3713 751 3804; x_wconf 80' lang='lat' dir='ltr'><strong>Sophocle</strong></span> <span class='ocrx_word' id='word_1_158' title='bbox 769 3713 979 3786; x_wconf 87' lang='lat' dir='ltr'><strong>conscribere</strong></span> <span class='ocrx_word' id='word_1_159' title='bbox 993 3714 1134 3786; x_wconf 88' lang='lat' dir='ltr'><strong>animum</strong></span> <span class='ocrx_word' id='word_1_160' title='bbox 1148 3715 1269 3807; x_wconf 84' lang='lat' dir='ltr'><strong>induxi,</strong></span> 
     </span>
    </p>

    <p class='ocr_par' dir='ltr' id='par_1_6' title="bbox 150 3828 1268 3931">
     <span class='ocr_line' id='line_1_19' title="bbox 150 3828 1268 3931; baseline 0.006 -33"><span class='ocrx_word' id='word_1_161' title='bbox 150 3828 269 3925; x_wconf 90' lang='lat' dir='ltr'><strong>quibus</strong></span> <span class='ocrx_word' id='word_1_162' title='bbox 286 3828 460 3926; x_wconf 88' lang='lat' dir='ltr'><strong>adiungam</strong></span> <span class='ocrx_word' id='word_1_163' title='bbox 478 3831 667 3922; x_wconf 74' lang='lat' dir='ltr'><strong>Euripidae,</strong></span> <span class='ocrx_word' id='word_1_164' title='bbox 694 3831 852 3904; x_wconf 83' lang='lat' dir='ltr'><strong>excitatus</strong></span> <span class='ocrx_word' id='word_1_165' title='bbox 869 3831 1044 3904; x_wconf 88' lang='lat' dir='ltr'><strong>Nauckii</strong></span> <span class='ocrx_word' id='word_1_166' title='bbox 1063 3832 1268 3931; x_wconf 89' lang='lat' dir='ltr'><strong>potissimum</strong></span> 
     </span>
    </p>

    <p class='ocr_par' dir='ltr' id='par_1_7' title="bbox 150 3946 1268 4050">
     <span class='ocr_line' id='line_1_20' title="bbox 150 3946 1268 4050; baseline 0.009 -35"><span class='ocrx_word' id='word_1_167' title='bbox 150 3946 266 4017; x_wconf 89' lang='lat' dir='ltr'><strong>studiis</strong></span> <span class='ocrx_word' id='word_1_168' title='bbox 289 3946 463 4018; x_wconf 91' lang='lat' dir='ltr'><strong>admodum</strong></span> <span class='ocrx_word' id='word_1_169' title='bbox 486 3947 669 4020; x_wconf 83' lang='lat' dir='ltr'><strong>fructuosis.</strong></span> <span class='ocrx_word' id='word_1_170' title='bbox 715 3950 745 4020; x_wconf 89' lang='lat' dir='ltr'><strong>ls</strong></span> <span class='ocrx_word' id='word_1_171' title='bbox 769 3949 854 4021; x_wconf 87' lang='lat' dir='ltr'><strong>enim</strong></span> <span class='ocrx_word' id='word_1_172' title='bbox 873 3975 950 4022; x_wconf 90' lang='lat' dir='ltr'><strong>cum</strong></span> <span class='ocrx_word' id='word_1_173' title='bbox 974 3950 1110 4048; x_wconf 91' lang='lat' dir='ltr'><strong>plurima</strong></span> <span class='ocrx_word' id='word_1_174' title='bbox 1134 3954 1268 4050; x_wconf 88' lang='lat' dir='ltr'><strong>egregie</strong></span> 
     </span>
    </p>

    <p class='ocr_par' dir='ltr' id='par_1_8' title="bbox 150 4049 1268 4165">
     <span class='ocr_line' id='line_1_21' title="bbox 150 4049 1268 4165; baseline 0.009 -33"><span class='ocrx_word' id='word_1_175' title='bbox 150 4063 332 4134; x_wconf 86' lang='lat' dir='ltr'><strong>emandavit</strong></span> <span class='ocrx_word' id='word_1_176' title='bbox 356 4088 486 4160; x_wconf 89' lang='lat' dir='ltr'><strong>quaque</strong></span> <span class='ocrx_word' id='word_1_177' title='bbox 508 4079 560 4137; x_wconf 90' lang='lat' dir='ltr'><strong>est</strong></span> <span class='ocrx_word' id='word_1_178' title='bbox 583 4064 731 4138; x_wconf 84' lang='lat' dir='ltr'><strong>lectionis</strong></span> <span class='ocrx_word' id='word_1_179' title='bbox 755 4049 852 4165; x_wconf 65' lang='lat' dir='ltr'><strong>conia</strong></span> <span class='ocrx_word' id='word_1_180' title='bbox 876 4069 972 4140; x_wconf 87' lang='lat' dir='ltr'><strong>docte</strong></span> <span class='ocrx_word' id='word_1_181' title='bbox 996 4067 1175 4161; x_wconf 82' lang='lat' dir='ltr'><strong>illustravit,</strong></span> <span class='ocrx_word' id='word_1_182' title='bbox 1201 4084 1268 4142; x_wconf 89' lang='lat' dir='ltr'><strong>tum</strong></span> 
     </span>
    </p>

    <p class='ocr_par' dir='ltr' id='par_1_9' title="bbox 149 4179 1268 4281">
     <span class='ocr_line' id='line_1_22' title="bbox 149 4179 1268 4281; baseline 0.012 -33"><span class='ocrx_word' id='word_1_183' title='bbox 149 4203 235 4276; x_wconf 87' lang='lat' dir='ltr'><strong>quaa</strong></span> <span class='ocrx_word' id='word_1_184' title='bbox 253 4179 369 4252; x_wconf 92' lang='lat' dir='ltr'><strong>vitiosa</strong></span> <span class='ocrx_word' id='word_1_185' title='bbox 385 4193 501 4252; x_wconf 89' lang='lat' dir='ltr'><strong>essent</strong></span> <span class='ocrx_word' id='word_1_186' title='bbox 518 4182 682 4280; x_wconf 85' lang='lat' dir='ltr'><strong>indagavit</strong></span> <span class='ocrx_word' id='word_1_187' title='bbox 700 4185 874 4281; x_wconf 82' lang='lat' dir='ltr'><strong>sagaciter,</strong></span> <span class='ocrx_word' id='word_1_188' title='bbox 897 4197 931 4257; x_wconf 94' lang='lat' dir='ltr'><strong>ut</strong></span> <span class='ocrx_word' id='word_1_189' title='bbox 953 4185 1029 4258; x_wconf 91' lang='lat' dir='ltr'><strong>licet</strong></span> <span class='ocrx_word' id='word_1_190' title='bbox 1045 4187 1206 4261; x_wconf 91' lang='lat' dir='ltr'><strong>interdum</strong></span> <span class='ocrx_word' id='word_1_191' title='bbox 1225 4189 1268 4261; x_wconf 87' lang='lat' dir='ltr'><strong>de</strong></span> 
     </span>
    </p>

    <p class='ocr_par' dir='ltr' id='par_1_10' title="bbox 149 4280 1267 4488">
     <span class='ocr_line' id='line_1_23' title="bbox 149 4280 1267 4402; baseline 0.007 -34"><span class='ocrx_word' id='word_1_192' title='bbox 149 4280 356 4370; x_wconf 87' lang='lat' dir='ltr'><strong>coniecturae</strong></span> <span class='ocrx_word' id='word_1_193' title='bbox 370 4298 504 4371; x_wconf 87' lang='lat' dir='ltr'><strong>veritate</strong></span> <span class='ocrx_word' id='word_1_194' title='bbox 517 4298 721 4391; x_wconf 75' lang='lat' dir='ltr'><strong>subdubiteS,</strong></span> <span class='ocrx_word' id='word_1_195' title='bbox 735 4300 886 4373; x_wconf 87' lang='lat' dir='ltr'><strong>admirari</strong></span> <span class='ocrx_word' id='word_1_196' title='bbox 900 4315 1006 4376; x_wconf 89' lang='lat' dir='ltr'><strong>tamen</strong></span> <span class='ocrx_word' id='word_1_197' title='bbox 1022 4318 1054 4378; x_wconf 88' lang='lat' dir='ltr'><strong>et</strong></span> <span class='ocrx_word' id='word_1_198' title='bbox 1068 4307 1187 4402; x_wconf 91' lang='lat' dir='ltr'><strong>ingenii</strong></span> <span class='ocrx_word' id='word_1_199' title='bbox 1201 4306 1267 4378; x_wconf 93' lang='lat' dir='ltr'><strong>sol·</strong></span> 
     </span>
     <span class='ocr_line' id='line_1_24' title="bbox 1065 4440 1075 4488; baseline 0 0"><span class='ocrx_word' id='word_1_200' title='bbox 1065 4440 1075 4488; x_wconf 89' lang='lat'>1</span> 
     </span>
    </p>
   </div>
   <div class='ocr_carea' id='block_1_6' title="bbox 0 0 1462 4820">
    <p class='ocr_par' dir='ltr' id='par_1_11' title="bbox 0 0 1462 4820">
     <span class='ocr_line' id='line_1_25' title="bbox 0 0 1462 4820; baseline 0 0"><span class='ocrx_word' id='word_1_201' title='bbox 0 0 1462 4820; x_wconf 95' lang='lat' dir='ltr'><strong> </strong></span> 
     </span>
    </p>
   </div>
  </div>
 </body>
</html>
