2914 4820
178 276 228 350 10

180 517 223 564 αν
248 489 379 588 φάτνην
406 489 514 588 ἔχων
538 487 607 565 κτλ.
635 495 701 586 [sie
724 495 808 569 euim
832 495 1069 568 emendaverim
1096 519 1181 592 quae
1205 494 1303 593 vulgo

181 609 345 706 leguntur:
359 610 402 706 ἥν
416 633 465 689 τις
476 605 591 680 οἴκων
604 609 768 682 πλουσίαν
781 613 912 708 φάτνην
926 607 1056 707 {xysti}
1090 612 1178 686 llaec
1196 613 1305 684 omnia

180 728 208 798 si
222 726 487 816 ,consideraveris
508 752 571 798 nou
593 752 688 818 unam
707 740 835 805 tenuem
850 730 939 801 verbi
958 730 1149 802 substantivi
1167 730 1229 803 vim
1243 729 1305 802 sed

180 844 451 941 significationem
471 844 580 916 vitae
603 845 874 920 domesticae
898 847 1050 920 nescio
1071 873 1153 943 quo
1172 860 1305 962 paeto

180 963 373 1034 cunstitu
387 973 454 1032 tae
473 960 580 1032 verbis
599 960 662 1032 illis
681 962 861 1034 subientem
879 989 1056 1078 agnosces,
1084 974 1117 1034 ut
1141 964 1304 1060 interpre-

180 1079 239 1151 tari
265 1091 354 1152 rente
380 1077 506 1175 possis.
538 1077 663 1149 vitam
691 1078 800 1152 domi
822 1080 1001 1177 degere.
1046 1081 1130 1152 Hine
1144 1081 1304 1178 prolecta

111 1257 116 1264 .
181 1207 266 1284 sunt,
282 1220 369 1292 quae
387 1193 607 1284 translate
624 1194 787 1290 diduntur:
805 1194 906 1294 Soph
923 1197 1012 1268 niae.
1028 1197 1124 1268 597:
1138 1196 1303 1288 Σαλαμίς,

180 1310 223 1382 ed
239 1309 309 1404 μέν
332 1335 399 1384 παν
424 1309 588 1398 ναίεις,
613 1312 737 1408 dequo
755 1339 877 1410 genere
896 1314 1014 1406 el.,Na
1027 1313 1109 1386 uck.
1124 1315 1166 1386 ed
1181 1314 1299 1389 l'raeh.

181 1433 223 1516 7;
249 1429 374 1528 Fragm.
396 1430 510 1526 adesp.
533 1430 600 1502 67:
629 1417 1110 1525 τηλοῦφλοιναίοντες
1129 1429 1193 1524 οῦκ
1218 1429 1301 1505 εἰσὶν

180 1545 290 1640 φίλοι.Ι
306 1546 349 1618 lb.
367 1549 456 1618 278:
478 1543 626 1640 χωρὶς
647 1533 715 1639 ιιλρ
734 1546 908 1622 οἰκοῦσ’
925 1547 1050 1640 ἀρεταὶ
1067 1552 1136 1640 τῶν
1154 1550 1304 1644 ἡδονῶν.

184 1664 224 1739 cl.
246 1665 320 1735 Eur.
346 1665 383 1735 ir.
404 1665 489 1753 584,
509 1665 548 1735 tl:
570 1660 610 1736 οἵ
625 1687 663 1734 τε
684 1651 976 1764 μονσικῆςριλοι,
1002 1663 1077 1736 ὅσοι
1095 1688 1133 1736 τε
1159 1663 1309 1760 χωρὶς

120 1813 122 1820 ·
183 1781 279 1870 ζῶσι
296 1781 364 1854 κτλ.
384 1779 750 1853 Ηιιιιι..1ιιι.557εαῑῦῦ
766 1781 813 1874 ιζ·
833 1783 1004 1866 ἀποικεῖ
1013 1785 1120 1878 τῆσδε
1137 1789 1201 1878 τῆς
1216 1786 1304 1856 θεοῦ

250 2103 276 2167 “)
294 2105 368 2179 Quae
387 2107 575 2171 insequuntur:

420 2191 530 2254 πρῶτος
546 2186 696 2256 γέγραπται
715 2189 769 2239 τῶν
788 2185 918 2241 κακιόνων
937 2185 1044 2257 κρότειι

420 2269 453 2323 τὰ
471 2271 489 2321 d
489 2268 570 2338 ’‘de
581 2268 689 2322 ἐλάσσαι
704 2271 856 2342 χρημάτων
876 2273 1028 2338 νομίζομεν.

302 2355 334 2406 Μ.
354 2356 511 2420 Seyffert.
529 2352 614 2418 (Μαι.
633 2353 717 2408 nien.
736 2353 789 2408 XV.
806 2374 831 2432 p.
850 2357 911 2421 622)
937 2359 1030 2444 partim
1050 2361 1120 2408 reete
1140 2354 1305 2408 emendavit

235 2443 238 2450 “
301 2439 412 2505 πρῶτος
426 2437 579 2504 γέγραπται
595 2440 648 2489 τῶν
651 2425 797 2488 κακιόνων
815 2438 943 2504 κρίσει,
957 2449 1049 2507 neque
1064 2437 1226 2507 improbavit
1238 2439 1307 2488 hane

301 2522 512 2575 emendationum
531 2518 1248 2595 3111111111(Ρλ11ο1.1111.ιι.131).11111ιιιιίιιια1ιιιι
1264 2525 1307 2574 uir

297 2607 393 2659 doetus
412 2605 455 2658 ille
474 2604 619 2658 labeculam
639 2605 770 2674 quandam
795 2623 818 2658 v.
831 2608 988 2676 insequenti.
1011 2607 1065 2672 ,Qui
1084 2607 1147 2678 dieit
1165 2608 1244 2666 enims
1262 2599 1309 2658 im-

301 2691 443 2759 proborum
469 2690 566 2741 iudicio
594 2689 687 2741 divitas
715 2690 817 2742 haberi
846 2689 946 2758 primos
973 2693 999 2742 in
1027 2685 1139 2748 civitate,
1161 2697 1206 2741 aut
1225 2697 1310 2742 semet

192 2775 195 2780 “
301 2777 387 2843 ipsum
411 2775 436 2825 in
462 2773 734 2841 improbis·uumerat
757 2781 801 2826 aut
818 2771 876 2826 'nun
899 2780 986 2842 petest
1007 2773 1134 2842 pergine:
1150 2770 1185 2823 τὰ
1201 2761 1308 2838 δ’ἔριθ

303 2857 411 2909 ἐλάσσω
432 2856 601 2926 χρημάτων
610 2857 784 2920 νομίζομεν.
812 2857 978 2912 Conveniunt
997 2874 1058 2910 vero
1077 2858 1152 2910 haee
1160 2858 1304 2927 superiori-

303 2943 364 3000 bus,
399 2942 421 2992 si
453 2959 505 2992 non
532 2936 772 2992 ΕΡΓΕΛΑΟΟΩ
803 2942 851 2994 sed
870 2936 1123 3040 ΕΡΓΑΜᾼΟΟΩ
1150 2941 1303 3009 Euripidem

302 3025 445 3092 seripsisse
463 3025 596 3085 statueris,
615 3025 640 3075 h.
653 3033 691 3076 e:

422 3104 457 3160 τὰ
475 3106 502 3158 δ’
515 3104 586 3174 ἔργα
601 3105 724 3171 μάσσω
738 3105 890 3178 χρημάτων
910 3103 1062 3170 νομιζομεν,

302 3194 327 3246 tr
341 3209 364 3246 e
382 3206 424 3243 res
441 3193 531 3257 μοιιοι
549 3192 640 3244 autem
657 3188 955 3246 maternitatem
973 3190 1094 3247 divitiis:
1110 3193 1144 3246 de
1163 3209 1306 3262 quavoea

302 3277 355 3328 buli
372 3273 480 3348 μακρός
496 3277 521 3327 vi
540 3277 574 3328 ei.
588 3261 661 3328 iliud
675 3271 763 3326 lsthm.
776 3271 817 3332 lv,
837 3275 883 3325 tt:
907 3273 949 3325 zai
967 3275 1062 3344 μηκέτι
1079 3275 1304 3343 μακροτέραν

301 3357 428 3411 σπεύδειν
448 3358 586 3426 ἀρετάν.
611 3355 1039 3427 01ιιιιιι.Χ111,113;κο11πασαν
1058 3357 1125 3411 κατὰ
1144 3357 1304 3411 vitamet-

263 3461 270 3474 ·
299 3442 706 3516 ρήσειςέρεονιῦνμαὶσσον
718 3443 914 3514 ἢόιςλόέμεν.
937 3442 1025 3499 latium.
1039 3441 1069 3506 V,
1088 3439 1293 3498 56:.odrorra
1261 3460 1304 3495 τε-

241 3567 247 3572 .
301 3527 440 3598 τόφλωται
456 3527 589 3594 μακρὸς
610 3525 752 3598 μόχθος
769 3526 886 3594 ἀνδρῶν.
921 3527 1059 3580 Lobeek.
1078 3528 1111 3579 ad
1132 3528 1213 3598 Soph.
1232 3528 1303 3580 dian.

305 3615 369 3676 13ος
387 3629 419 3666 aa
437 3613 558 3666 euuaultu
576 3614 688 3665 fortasse
707 3613 819 3665 elaetum
837 3613 889 3665 hoe
907 3613 966 3665 luco
984 3613 1048 3664 iilud
1068 3610 1121 3672 est,v
1136 3619 1163 3663 ut
1182 3607 1309 3678 ἔργοις

211 3719 213 3726 v
301 3699 451 3765 μακρσις
466 3697 562 3750 acerba
578 3704 777 3766 opponerentur
791 3696 954 3766 χρήματα
968 3711 1039 3766 quae
1052 3695 1174 3749 solebant
1188 3686 1309 3763 μακρά

302 3783 459 3860 praedicari,
470 3783 503 3834 ul.
517 3781 591 3838 Pind.
603 3779 696 3838 lsthm.
705 3779 773 3842 lll,
760 3798 790 3836 ιι
805 3781 914 3840 (daedi
931 3778 1077 3843 μα’σσιον
1084 3777 1215 3844 ὄλβος.
1235 3780 1308 3848 Pyre.

301 3864 343 3926 xi,
354 3870 400 3918 52:
419 3864 452 3917 τὰ
469 3865 540 3928 μέσα
557 3861 768 3935 μακροτέρῳ
786 3861 880 3936 ὄλβῳ
898 3861 1045 3918 τεθαλότα.
1064 3855 1306 3932 Soph.tiae.130:

300 3951 437 4018 μακροῦ
455 3947 606 4004 πλοῦτον
624 3947 721 4015 βάθει.
750 3949 870 4006 Formam
889 3947 975 4004 autem
995 3949 1225 4017 comparativi
1243 3956 1306 4001 aad·

301 4037 361 4088 dem
375 4039 480 4103 praeter
493 4033 633 4088 Pindarum
647 4035 767 4098 adhibuit
779 4035 965 4101 Aeschylus
984 4035 1056 4086 Pars.
1069 4033 1127 4086 110.
1140 4033 1199 4092 708,
1212 4046 1306 4100 super·

303 4122 408 4174 latinum
431 4114 597 4182 μόκιστος
620 4125 645 4170 et
669 4118 859 4194 Sophuules
882 4116 1093 4182 medulam.
1113 4116 1177 4168 Phil.
1190 4116 1256 4178 819)
1281 4122 1307 4167 et

287 4195 486 4271 ¹Euripides
508 4199 601 4274 (Hipp.
618 4201 690 4264 818)
729 4202 767 4254 De
791 4205 924 4254 sententia
948 4201 1063 4269 denique
1086 4201 1208 4254 universa
1234 4197 1304 4302 uddn¹

302 4288 362 4340 Eur.
374 4288 405 4339 ir.
420 4286 476 4338 113.
490 4287 558 4340 etir
572 4287 629 4338 329.
647 4311 681 4324 -—
901 4303 904 4310 ’
