2900 4834
153 567 212 616 aaa
229 567 347 642 praees
366 542 551 640 indignatus
563 513 622 615 ille
641 541 789 638 repudiat
807 537 924 638 Soph.
941 539 1045 613 tiae.
1060 541 1150 615 589:
1226 571 1231 580 ¹

296 659 407 756 ,ἄγαν
430 685 477 755 γε.
497 661 655 742 λυπεῖς·
679 658 721 731 οὐ
742 658 908 747 advocat,
928 657 1000 752 &prb
1018 662 1116 745 θεοῖς

303 783 356 861 ὡς
376 778 480 851 οὐδὲν
503 775 620 870 Ιολμκεῖν
645 775 707 870 εἰμ’
728 775 911 874 ὀφειλέτης
932 772 998 864 dra·
1126 847 1127 852 ,
1157 845 1160 852 ⁴

150 920 222 972 oum
240 897 365 970 Orestis
383 897 490 970 verbis
515 895 590 968 lieet
613 897 775 984 conferre·
788 896 843 994 qui
868 897 966 970 multo
991 897 1096 970 ionius
1114 897 1262 971 videatur

148 1017 346 1115 Iphigeniam
372 1015 623 1114 reprehendere.
662 1016 836 1107 Ceterump
850 1029 884 1086 ut
906 1016 1010 1089 dicant
1035 1017 1123 1114 quod
1146 1019 1264 1110 sentio,

150 1161 192 1208 ne
213 1135 323 1210 Aiacis
347 1135 476 1232 quidem
502 1133 576 1206 loco
603 1147 691 1208 reete
716 1160 754 1208 se
780 1135 900 1208 babere
926 1134 1078 1214 librorum
1101 1137 1261 1235 scriptura

149 1254 283 1326 videtur.
316 1251 384 1326 Sed
401 1253 501 1326 redeo
520 1252 561 1324 ad
575 1252 702 1328 Orestia
721 1253 910 1343 orationem,
928 1254 981 1326 ubi
1000 1254 1032 1325 id
1051 1279 1147 1326 unum
1166 1256 1263 1328 oredo

65 1445 68 1448 .
152 1373 350 1471 relinquitur,
381 1386 415 1446 ut
438 1372 556 1454 λυπεῖς
584 1373 824 1472 interpreteris:
858 1379 906 1444 mo
937 1377 1048 1446 doloro
1075 1377 1188 1472 affinia,
1221 1375 1261 1448 ol.
1384 1362 1388 1368 „

152 1491 256 1564 Orest
279 1493 368 1566 768·
391 1491 422 1563 ὦ
445 1492 562 1578 τάλας,
589 1486 683 1564 ἔοικε
699 1489 758 1562 καὶ
774 1491 815 1562 σὲ
833 1490 924 1582 τάμὰ
940 1491 1142 1588 λυπήσειν
1158 1494 1261 1564 κακά.

149 1608 217 1684 Sed
238 1635 282 1682 ne
306 1610 458 1683 doloris
482 1611 642 1708 quidem
635 1623 751 1682 ruetanr
774 1635 906 1682 oausam
925 1610 1028 1684 video
1066 1611 1264 1684 Aversautur

149 1729 281 1844 quidem
302 1729 462 1802 interdum
485 1729 608 1804 miseri
621 1729 768 1802 homines
793 1728 1052 1804 lamentationem
1079 1731 1264 1804 misericor·

141 1847 223 1920 diae
237 1846 377 1945 plenam,
393 1860 426 1920 at
443 1861 633 1956 aversantur
646 1874 709 1920 noo
728 1847 815 1946 quod
834 1852 943 1920 dolore
961 1875 1000 1921 ea
1019 1849 1111 1948 ipsos
1131 1853 1262 1947 affiniat,

149 1966 209 2038 sed
223 1966 311 2064 quod
325 1979 478 2056 metuunt,
493 1951 535 2040 ne
547 1969 646 2040 auimo
640 1969 815 2061 'tortitudo
830 1993 869 2039 ου
882 1971 1061 2041 constantia
1071 1973 1263 2063 fraenatam

151 2085 191 2156 oi.
207 2083 313 2157 Orest.
328 2085 434 2157 1031:
448 2085 500 2180 μὴ
519 2082 609 2176 πρὸς
624 2087 720 2156 θεῶν
733 2109 794 2178 μοι
812 2085 1005 2184 περιβάλῃς
1019 2085 1260 2179 ἀνανδρίαν,

155 2201 205 2283 εἷς
224 2203 358 2294 δάκρυα
380 2203 618 2295 πομιλμειλουσ’
641 2205 831 2300 ὑπομνήσει
853 2210 979 2276 κακῶν.
1013 2205 1125 2276 1047:
1149 2199 1189 2275 ἔκ
1212 2228 1265 2276 τοι

148 2344 199 2412 με
221 2323 371 2416 τήξεις·
399 2323 490 2409 Quae
514 2347 586 2394 oum
610 2323 653 2396 ita
675 2323 750 2413 aiot,
772 2323 814 2395 ad
832 2324 1065 2396 emendationis
1084 2325 1261 2396 remedium
1315 2387 1317 2396 ,
1448 2365 1449 2396 ι

150 2441 396 2538 confugiendum
427 2454 487 2515 est.
540 2443 608 2514 Neo
635 2442 804 2517 defuerunt
830 2442 904 2514 huie
931 2468 1052 2541 operae
1080 2443 1165 2514 docti
1193 2443 1261 2536 viri,

149 2581 342 2656 quamquam
373 2559 510 2632 Cobeti
542 2561 762 2635 tautummodo
794 2586 835 2632 ae
865 2560 1025 2658 Rergkii
1056 2562 1262 2634 coniecturae

150 2678 293 2774 speciem
311 2677 451 2776 aliquam
470 2679 590 2752 habent
607 2680 853 2782 probabilitatis.
894 2679 950 2752 lite
968 2680 1053 2751 enim
1069 2693 1190 2752 mutato
1208 2706 1263 2752 or·

150 2796 226 2869 diue
240 2795 411 2870 verborum
425 2823 490 2871 non
505 2798 587 2869 male
601 2785 755 2874 coniecit:
769 2795 851 2868 κάπὶ
864 2798 934 2878 τοῖς
940 2796 1103 2888 μέλλουσι
1117 2801 1186 2892 νῷν

524 2917 905 3005 λυπεῖ-κακοῖσιν,

149 3033 203 3106 bio
217 3047 323 3108 autem
337 3039 437 3126 (Mur.
450 3039 550 3108 ato.
565 3033 673 3107 XVlll.
689 3063 721 3134 p.
738 3036 827 3124 208]
841 3036 985 3116 κακοῖς
999 3033 1155 3123 ἀλύεις,
1166 3037 1262 3132 σοοιλ

149 3153 289 3250 probare
307 3154 432 3226 videtur
450 3153 629 3228 Schenkl.
646 3156 779 3244 (Putat.
795 3151 866 3224 XX.
884 3180 915 3251 p.
932 3154 1033 3243 479).
1079 3154 1127 3225 Ao
1150 3155 1295 3245 [ateor‚·
1359 3193 1361 3202 ι
1445 3138 1447 3167 '

149 3297 213 3344 noo
233 3273 447 3346 dubitaturum
467 3300 518 3346 roe
537 3299 612 3346 esse
631 3272 804 3370 amplexari
822 3271 951 3369 Bergkii
973 3272 1203 3364 coniecturam,
1229 3273 1262 3344 ni

149 3390 302 3463 haberem
317 3417 380 3490 ego
394 3387 569 3473 meliorein
584 3417 681 3490 quarn
694 3391 799 3462 audeo
813 3391 1025 3488 praedicare
1018 3403 1137 3463 certam
1152 3417 1263 3464 emen·

150 3479 328 3582 dationem.
360 3512 423 3583 Pro
441 3510 509 3582 Ar
506 3511 539 3580 Ι]
545 3510 575 3584 Ε
581 3510 601 3581 I
606 3511 636 3580 Σ
655 3510 739 3582 enim
758 3509 964 3582 scribendum
983 3521 1033 3582 est
1055 3510 1151 3583 ΑΥΤ
1155 3510 1262 3597 ΕΙΣ

151 3641 184 3698 ut
202 3628 309 3700 haec
301 3654 363 3699 ram
382 3631 517 3702 exsistat
534 3629 661 3706 Orestis
680 3629 798 3702 oratio.
886 3661 889 3678 ·

301 3746 451 3820 τῖταῦτ
476 3747 595 3839 ὀλύμει
620 3747 703 3819 κάπι
729 3751 799 3830 τοῖς
818 3745 980 3839 μέλλουσι
1008 3750 1085 3840 νῷν

299 3868 420 3948 κακοῖς
442 3845 614 3956 ἀυτεῖς,
645 3867 721 3961 ἥτις
744 3863 779 3938 εἳ
800 3865 892 3954 ποτ,
911 3865 941 3938 ὦ
967 3865 1075 3960 γύναι.

151 3983 181 4054 b.
203 4010 232 4056 e.
254 4011 351 4079 quam
371 3990 410 4060 ob
428 4011 495 4058 rem
513 3990 696 4059 lamentaris
713 3991 812 4079 deque
829 3989 922 4058 motis
939 4012 1021 4080 quoe
1037 3987 1129 4060 nobis
1144 3986 1264 4058 instant

149 4102 354 4181 elamitas?
369 4107 408 4178 οῖ.
421 4107 499 4178 Heo.
514 4105 626 4177 1092:
641 4103 732 4200 βοὰν
749 4101 880 4193 ἀυτῶ,
896 4104 996 4202 βοάν.
1019 4103 1263 4178 Phoen.1551=

149 4221 239 4316 ὤμοι
258 4221 353 4315 ἐμῶν
370 4223 536 4295 παθέων·
561 4224 659 4315 πάρα
677 4222 746 4316 γὰρ
764 4209 980 4317 στενάχειν
997 4222 1089 4311 τάδ’,
1113 4219 1261 4292 ἀυτεῖν.

150 4342 237 4436 Cyni.
254 4342 343 4416 669:
368 4340 401 4412 τί
414 4341 519 4438 χρῆμ’
536 4341 691 4430 ἀῦτεῖς,
714 4340 745 4411 ὦ
768 4338 939 4438 Κύκλοιῲς
