2914 4820
1262 314 1286 384 5

163 535 237 610 Ant,
259 538 349 608 441:
446 535 495 606 σὲ
508 535 639 631 δή,σὲ
653 533 714 630 τὴν
728 499 897 616 νεύουσαν
911 532 1081 615 ελςιτὲδον
1093 535 1200 627 κάρα,
1290 489 1348 552 'i

281 710 282 713 ,
446 653 519 748 φὴς
533 654 601 723 κτλ
747 701 749 704 v
908 714 914 725 .

166 768 496 868 Eueflippctsaon
508 769 559 864 δὴ
574 770 702 841 θεοῖσιν
716 771 770 850 ὡς
781 767 948 860 περισσὸς
959 769 1009 840 ὢν
1023 769 1113 865 ἀνὴρ
1127 769 1238 854 ξάνεις

165 901 199 960 et
220 889 319 961 Andr.
340 889 430 960 324:
446 886 495 958 σι)
510 887 560 982 δὴ
573 892 779 982 στρατηγῶν
791 887 930 979 λογάσιν
940 883 1111 982 Ἑλλήνων
1125 885 1211 958 ποτὲ

452 1005 576 1096 Τροίαν
590 1003 734 1100 δμείλον
744 1003 917 1096 Πρίαμον,
930 1005 1007 1074 ὧδε
1018 1004 1155 1098 φαῦλος
1164 1003 1231 1088 ὤν;

164 1125 370 1220 Quamquam
389 1122 483 1220 plura
501 1147 565 1193 nun
584 1121 706 1209 iuveni;
723 1147 797 1192 nam
816 1121 905 1218 quod
923 1121 992 1192 Hel.
1009 1122 1083 1194 914
1102 1123 1134 1192 in
1147 1123 1287 1192 Nuuelu't'

165 1244 307 1316 editione
321 1243 453 1340 legitur:
466 1240 513 1313 σδ
531 1242 582 1337 δὴ
601 1242 644 1312 τὰ
662 1245 723 1312 τοῦ
737 1244 826 1312 θεοῦ
843 1240 903 1312 καὶ
919 1241 965 1312 rd-
981 1243 1042 1312 τοῦ
1059 1238 1194 1332 πατρὸς
1208 1238 1286 1334 exd-

166 1383 233 1450 πει,
251 1361 441 1434 coniectura
459 1359 513 1432 ille
531 1359 664 1457 scripsit
682 1385 746 1430 non
765 1359 846 1430 satis
865 1372 965 1431 certa.

241 1595 310 1669 Sed
327 1596 428 1668 redeo
441 1596 484 1666 ad
498 1595 689 1692 Oedipum
703 1595 863 1695 Regem,
881 1594 934 1668 ubi
949 1591 1286 1692 redeuntemOelplris

46 1771 48 1776 s
164 1717 339 1786 Creontem
368 1714 482 1811 procul
510 1715 721 1812 conspicatus
752 1715 900 1812 Oedipus
930 1712 1113 1810 Apollinem
1142 1710 1288 1809 appellat

17 1868 31 1878 ’
165 1844 332 1930 precatus,
351 1844 384 1903 ut
401 1832 603 1927 exspectatio
621 1856 664 1904 ao
680 1832 877 1904 desiderium
898 1830 1066 1927 expleatur
1083 1857 1111 1900 v.
1130 1831 1197 1900 80:
1335 1878 1339 1882 -

345 1948 447 2028 ὦναξ
457 1945 629 2036 Ἄπολλον,
653 1947 687 2020 εἷ
700 1949 769 2042 γδμ
788 1945 930 2044 ἐντύχῃ
948 1946 990 2040 γέ
1007 1971 1057 2041 τῳ
1124 1969 1127 1973 ·

344 2071 478 2161 σωτῆρι
492 2047 578 2160 βαίη
596 2065 759 2157 λαμττμδς
772 2066 915 2156 ὥσπερ
933 2063 1094 2156 ὄμματι.

168 2183 204 2252 ln
218 2207 280 2278 qua
289 2181 408 2278 Oedipi
424 2181 571 2254 oratione
585 2180 649 2254 hoc
662 2181 839 2254 admiratur
851 2181 892 2254 Μ.
905 2180 1088 2277 Seyffert.
1102 2180 1132 2251 in
1142 2185 1288 2256 Mutzettt

171 2301 264 2370 Diua.
278 2323 342 2371 rer.
356 2302 453 2370 schol.
470 2297 564 2370 XVll.
580 2326 613 2397 p.
630 2299 715 2384 587,
739 2299 854 2397 procul
878 2310 1065 2372 cernentem
1089 2298 1166 2396 fingi
1189 2298 1289 2372 Oedi-

168 2443 245 2514 pum
262 2415 369 2488 rultus
387 2416 457 2488 eius
476 2414 679 2506 hilaritatem,
705 2442 802 2515 quem
820 2430 937 2514 postea
955 2416 1082 2488 demum
1102 2416 1187 2488 dicat
1210 2417 1289 2507 ξύμ-

144 2547 295 2626 -μετμον
313 2521 491 2614 ὧςνιλύειν
509 2538 556 2624 (v.
570 2536 656 2624 84):
674 2534 795 2631 requiri
815 2534 923 2631 potius
942 2535 1101 2605 candidae
1122 2535 1221 2606 vestis
1243 2534 1290 2604 si-

167 2651 419 2748 gnificationem,
433 2651 518 2722 unde
536 2651 683 2749 Oedipus
702 2652 921 2724 coniecturam
941 2652 1147 2723 desecando
1165 2652 1218 2722 dei
1236 2677 1291 2724 re·

172 2795 291 2866 sponso
305 2769 423 2866 capiat,
437 2769 630 2865 praesertim
639 2795 713 2840 cum
722 2769 881 2841 sacerdos
891 2769 961 2865 regi
970 2769 1170 2866 respondeat
1183 2795 1212 2840 v.
1224 2771 1289 2842 82:

171 2885 244 2956 ἀλλ’
265 2885 401 2958 εἰκάσαι
419 2885 486 2978 μὲν
507 2887 612 2983 ἡδύς·
637 2885 679 2958 οὐ
702 2887 771 2981 γὰρ
794 2886 837 2958 ἂν
859 2888 955 2979 κάρα
977 2887 1202 2983 πολυστεμὴς
1221 2886 1287 2959 ὧδ’

169 3001 270 3096 eluas
292 3004 502 3097 nafxdprrcu
522 3005 669 3100 δάφνης.
713 3004 818 3103 Atque
840 3004 892 3076 his
915 3017 1022 3076 motus
1046 3005 1223 3078 rationibus
1243 3005 1292 3078 vir

170 3122 287 3194 doctus
305 3121 358 3194 ille
376 3123 517 3195 coniecit
534 3122 711 3220 scripsisse
731 3137 877 3220 poetam:

677 3281 679 3288 s
730 3239 847 3334 εῖγδμ
867 3241 905 3313 ἐν
923 3241 1009 3337 τύχῃ
1026 3241 1068 3336 μέ
1086 3265 1136 3336 τῳ

365 3365 498 3454 σωτῆρι
513 3357 599 3456 βαίη
617 3357 779 3451 λαμπρὸς
792 3359 851 3441 ὥς
864 3383 912 3454 γε
927 3361 1101 3452 σάματι.

166 3474 214 3545 ,At
235 3500 360 3566 vereor,
389 3501 430 3547 ne
451 3501 566 3573 ‘parum
591 3479 653 3550 hac
676 3477 863 3550 coniectura
887 3477 1086 3550 consuluerit
1110 3477 1292 3575 elegantiae

150 3591 389 3689 *Sophocleae
427 3596 534 3684 Certa
557 3595 585 3665 si
607 3607 696 3667 esset
717 3618 907 3693 perversum
927 3594 1065 3686 ὄμματι,
1089 3595 1292 3666 commodius

172 3712 380 3783 emendares:
396 3711 558 3804 λαμπρὸς
571 3713 738 3805 idoneo&
747 3713 833 3786 IMA
845 3714 907 3801 TI,
927 3713 1014 3810 quod
1032 3711 1224 3784 vocabulum
1242 3712 1294 3810 ip-

172 3827 220 3899 sis
238 3828 352 3900 litteris
372 3828 471 3900 nihilo
490 3829 557 3902 lere
576 3829 683 3902 differt
700 3831 741 3902 ab
763 3830 830 3903 OM
834 3830 898 3903 MA
908 3830 936 3902 Τ
936 3831 957 3901 Ι
961 3883 971 3918 ,
996 3855 1038 3904 ac
1061 3830 1220 3902 similibus
1243 3830 1294 3902 lc-

171 3944 219 4016 cis
237 3947 482 4018 commendatur
501 3972 619 4044 magno
638 3973 751 4045 opere,
774 3961 809 4020 ut
825 3949 899 4020 Eur.
921 3928 989 4045 lph.
1011 3947 1082 4019 Aul.
1098 3948 1163 4020 73:
1186 3947 1293 4043 ἀνδη-

167 4060 238 4153 μδς
260 4049 531 4155 μὲνέἱμάτιον
554 4065 661 4160 στολῇ
682 4071 811 4160 χρυσῷ
833 4090 871 4137 τε
897 4064 1089 4158 λαμπρὸς
1111 4063 1292 4162 βαρβάρῳ
1387 4103 1394 4116 ·

167 4178 351 4274 χλιδήματι
366 4180 407 4252 cl.
418 4181 493 4253 Tro.
510 4181 594 4252 992.
607 4182 629 4252 F
632 4207 733 4278 ragin.
750 4183 835 4274 689,
850 4185 887 4254 t:
906 4183 1057 4278 στολὴν
1076 4180 1177 4254 ἰδόντι
1190 4184 1294 4271 λαμ-

79 4341 86 4352 ·
173 4297 292 4389 τιμάς.
323 4298 429 4396 Atque
448 4301 563 4373 eodem
579 4301 737 4373 vocabulo
756 4299 836 4394 εἷμα
854 4302 926 4400 ipse
945 4298 1129 4399 Sophocles
1148 4325 1227 4372 usus
1245 4310 1296 4372 est
