<?xml version="1.0" encoding="UTF-8"?>
<!DOCTYPE html PUBLIC "-//W3C//DTD XHTML 1.0 Transitional//EN"
    "http://www.w3.org/TR/xhtml1/DTD/xhtml1-transitional.dtd">
<html xmlns="http://www.w3.org/1999/xhtml" xml:lang="en" lang="en">
 <head>
  <title>
</title>
<meta http-equiv="Content-Type" content="text/html;charset=utf-8" />
  <meta name='ocr-system' content='tesseract 3.04.00' />
  <meta name='ocr-capabilities' content='ocr_page ocr_carea ocr_par ocr_line ocrx_word'/>
</head>
<body>
  <div class='ocr_page' id='page_1' title='image "./analectasophocl00schmgoog_0010.png"; bbox 0 0 2914 4820; ppageno 0'>
   <div class='ocr_carea' id='block_1_1' title="bbox 57 1679 1276 4459">
    <p class='ocr_par' dir='ltr' id='par_1_1' title="bbox 57 1679 1276 4459">
     <span class='ocr_line' id='line_1_1' title="bbox 159 1679 1270 1872; baseline 0.002 -28"><span class='ocrx_word' id='word_1_1' title='bbox 159 1679 238 1852; x_wconf 82' lang='lat' dir='ltr'>Ut</span> <span class='ocrx_word' id='word_1_2' title='bbox 252 1766 296 1844; x_wconf 94' lang='lat' dir='ltr'>ad</span> <span class='ocrx_word' id='word_1_3' title='bbox 311 1765 362 1845; x_wconf 83' lang='lat' dir='ltr'>Tr</span> <span class='ocrx_word' id='word_1_4' title='bbox 375 1766 533 1872; x_wconf 91' lang='lat' dir='ltr'>quidem,</span> <span class='ocrx_word' id='word_1_5' title='bbox 547 1765 610 1848; x_wconf 86' lang='lat' dir='ltr'>Vm</span> <span class='ocrx_word' id='word_1_6' title='bbox 625 1768 883 1868; x_wconf 81' lang='lat' dir='ltr'>lutusmtssmu,</span> <span class='ocrx_word' id='word_1_7' title='bbox 900 1765 995 1847; x_wconf 91' lang='lat' dir='ltr'>bunc</span> <span class='ocrx_word' id='word_1_8' title='bbox 1010 1765 1172 1846; x_wconf 88' lang='lat' dir='ltr'>libellum</span> <span class='ocrx_word' id='word_1_9' title='bbox 1189 1767 1270 1846; x_wconf 88' lang='lat' dir='ltr'>mit·</span> 
     </span>
     <span class='ocr_line' id='line_1_2' title="bbox 161 1903 1269 2009; baseline 0 -27"><span class='ocrx_word' id='word_1_10' title='bbox 161 1915 287 2002; x_wconf 89' lang='lat' dir='ltr'>terem,</span> <span class='ocrx_word' id='word_1_11' title='bbox 308 1904 484 1983; x_wconf 89' lang='lat' dir='ltr'>memoria</span> <span class='ocrx_word' id='word_1_12' title='bbox 501 1930 561 1984; x_wconf 92' lang='lat' dir='ltr'>me</span> <span class='ocrx_word' id='word_1_13' title='bbox 576 1904 690 1984; x_wconf 87' lang='lat' dir='ltr'>movit</span> <span class='ocrx_word' id='word_1_14' title='bbox 705 1927 922 2009; x_wconf 86' lang='lat' dir='ltr'>magnorum</span> <span class='ocrx_word' id='word_1_15' title='bbox 939 1903 1087 2009; x_wconf 89' lang='lat' dir='ltr'>quaein</span> <span class='ocrx_word' id='word_1_16' title='bbox 1106 1929 1165 1984; x_wconf 90' lang='lat' dir='ltr'>me</span> <span class='ocrx_word' id='word_1_17' title='bbox 1181 1928 1269 1983; x_wconf 93' lang='lat' dir='ltr'>con-</span> 
     </span>
     <span class='ocr_line' id='line_1_3' title="bbox 105 2040 1271 2147; baseline 0.001 -31"><span class='ocrx_word' id='word_1_18' title='bbox 105 2128 112 2136; x_wconf 44' lang='lat'><em>,</em></span> <span class='ocrx_word' id='word_1_19' title='bbox 160 2040 269 2118; x_wconf 91' lang='lat' dir='ltr'>tulisti</span> <span class='ocrx_word' id='word_1_20' title='bbox 295 2040 578 2122; x_wconf 89' lang='lat' dir='ltr'>beneficiorum:</span> <span class='ocrx_word' id='word_1_21' title='bbox 605 2066 703 2145; x_wconf 93' lang='lat' dir='ltr'>quae</span> <span class='ocrx_word' id='word_1_22' title='bbox 730 2066 955 2147; x_wconf 92' lang='lat' dir='ltr'>quamquam</span> <span class='ocrx_word' id='word_1_23' title='bbox 982 2053 1081 2120; x_wconf 89' lang='lat' dir='ltr'>tanta</span> <span class='ocrx_word' id='word_1_24' title='bbox 1109 2052 1202 2138; x_wconf 86' lang='lat' dir='ltr'>suut,</span> <span class='ocrx_word' id='word_1_25' title='bbox 1231 2051 1271 2118; x_wconf 93' lang='lat' dir='ltr'>ut</span> 
     </span>
     <span class='ocr_line' id='line_1_4' title="bbox 160 2175 1270 2282; baseline 0.001 -31"><span class='ocrx_word' id='word_1_26' title='bbox 160 2199 284 2278; x_wconf 87' lang='lat' dir='ltr'>neque</span> <span class='ocrx_word' id='word_1_27' title='bbox 301 2175 492 2256; x_wconf 88' lang='lat' dir='ltr'>verborum</span> <span class='ocrx_word' id='word_1_28' title='bbox 508 2188 639 2256; x_wconf 89' lang='lat' dir='ltr'>ornatu</span> <span class='ocrx_word' id='word_1_29' title='bbox 659 2176 746 2256; x_wconf 90' lang='lat' dir='ltr'>satis</span> <span class='ocrx_word' id='word_1_30' title='bbox 767 2176 875 2282; x_wconf 84' lang='lat' dir='ltr'>digne</span> <span class='ocrx_word' id='word_1_31' title='bbox 895 2175 1101 2282; x_wconf 89' lang='lat' dir='ltr'>praedicari</span> <span class='ocrx_word' id='word_1_32' title='bbox 1120 2175 1270 2282; x_wconf 86' lang='lat' dir='ltr'>possint,</span> 
     </span>
     <span class='ocr_line' id='line_1_5' title="bbox 160 2311 1271 2418; baseline 0.004 -31"><span class='ocrx_word' id='word_1_33' title='bbox 160 2334 283 2414; x_wconf 91' lang='lat' dir='ltr'>neque</span> <span class='ocrx_word' id='word_1_34' title='bbox 302 2311 410 2390; x_wconf 82' lang='lat' dir='ltr'>libelli</span> <span class='ocrx_word' id='word_1_35' title='bbox 426 2312 601 2391; x_wconf 78' lang='lat' dir='ltr'>tenuitate</span> <span class='ocrx_word' id='word_1_36' title='bbox 618 2313 860 2418; x_wconf 90' lang='lat' dir='ltr'>compensari,</span> <span class='ocrx_word' id='word_1_37' title='bbox 881 2325 1004 2395; x_wconf 89' lang='lat' dir='ltr'>tamen</span> <span class='ocrx_word' id='word_1_38' title='bbox 1021 2339 1105 2393; x_wconf 91' lang='lat' dir='ltr'>cum</span> <span class='ocrx_word' id='word_1_39' title='bbox 1121 2312 1193 2392; x_wconf 91' lang='lat' dir='ltr'>hoc</span> <span class='ocrx_word' id='word_1_40' title='bbox 1211 2336 1271 2391; x_wconf 92' lang='lat' dir='ltr'>me</span> 
     </span>
     <span class='ocr_line' id='line_1_6' title="bbox 158 2448 1271 2556; baseline 0 -30"><span class='ocrx_word' id='word_1_41' title='bbox 158 2467 307 2552; x_wconf 81' lang='lat' dir='ltr'>semper</span> <span class='ocrx_word' id='word_1_42' title='bbox 333 2461 475 2529; x_wconf 90' lang='lat' dir='ltr'>teneret</span> <span class='ocrx_word' id='word_1_43' title='bbox 500 2449 721 2531; x_wconf 90' lang='lat' dir='ltr'>desiderium</span> <span class='ocrx_word' id='word_1_44' title='bbox 750 2451 982 2556; x_wconf 84' lang='lat' dir='ltr'>significandi,</span> <span class='ocrx_word' id='word_1_45' title='bbox 1012 2474 1122 2555; x_wconf 91' lang='lat' dir='ltr'>quam</span> <span class='ocrx_word' id='word_1_46' title='bbox 1149 2448 1271 2554; x_wconf 82' lang='lat' dir='ltr'>magni</span> 
     </span>
     <span class='ocr_line' id='line_1_7' title="bbox 159 2581 1270 2694; baseline 0.002 -33"><span class='ocrx_word' id='word_1_47' title='bbox 159 2581 210 2662; x_wconf 84' lang='lat' dir='ltr'>Tu</span> <span class='ocrx_word' id='word_1_48' title='bbox 222 2584 411 2685; x_wconf 89' lang='lat' dir='ltr'>haberem,</span> <span class='ocrx_word' id='word_1_49' title='bbox 424 2612 611 2692; x_wconf 91' lang='lat' dir='ltr'>quamque</span> <span class='ocrx_word' id='word_1_50' title='bbox 627 2599 730 2694; x_wconf 84' lang='lat' dir='ltr'>grata</span> <span class='ocrx_word' id='word_1_51' title='bbox 747 2611 993 2694; x_wconf 83' lang='lat' dir='ltr'>prosequerer</span> <span class='ocrx_word' id='word_1_52' title='bbox 1005 2585 1183 2665; x_wconf 90' lang='lat' dir='ltr'>memoria</span> <span class='ocrx_word' id='word_1_53' title='bbox 1199 2585 1270 2664; x_wconf 91' lang='lat' dir='ltr'>sin-</span> 
     </span>
     <span class='ocr_line' id='line_1_8' title="bbox 161 2718 1272 2828; baseline 0.003 -32"><span class='ocrx_word' id='word_1_54' title='bbox 161 2719 296 2820; x_wconf 83' lang='lat' dir='ltr'>gularia</span> <span class='ocrx_word' id='word_1_55' title='bbox 314 2718 385 2820; x_wconf 70' lang='lat' dir='ltr'>Tm</span> <span class='ocrx_word' id='word_1_56' title='bbox 407 2720 599 2821; x_wconf 86' lang='lat' dir='ltr'>beneficia,</span> <span class='ocrx_word' id='word_1_57' title='bbox 620 2748 664 2802; x_wconf 92' lang='lat' dir='ltr'>ea</span> <span class='ocrx_word' id='word_1_58' title='bbox 681 2721 755 2800; x_wconf 81' lang='lat' dir='ltr'>bu</span> <span class='ocrx_word' id='word_1_59' title='bbox 776 2724 845 2828; x_wconf 95' lang='lat' dir='ltr'>ipsi</span> <span class='ocrx_word' id='word_1_60' title='bbox 866 2723 989 2827; x_wconf 88' lang='lat' dir='ltr'>putavi</span> <span class='ocrx_word' id='word_1_61' title='bbox 1010 2733 1162 2826; x_wconf 89' lang='lat' dir='ltr'>accepta</span> <span class='ocrx_word' id='word_1_62' title='bbox 1182 2719 1272 2820; x_wconf 91' lang='lat' dir='ltr'>lore,</span> 
     </span>
     <span class='ocr_line' id='line_1_9' title="bbox 162 2855 1272 2960; baseline 0.003 -28"><span class='ocrx_word' id='word_1_63' title='bbox 162 2855 197 2932; x_wconf 93' lang='lat' dir='ltr'>in</span> <span class='ocrx_word' id='word_1_64' title='bbox 227 2857 355 2960; x_wconf 92' lang='lat' dir='ltr'>quibus</span> <span class='ocrx_word' id='word_1_65' title='bbox 386 2883 460 2937; x_wconf 94' lang='lat' dir='ltr'>non</span> <span class='ocrx_word' id='word_1_66' title='bbox 488 2859 566 2939; x_wconf 90' lang='lat' dir='ltr'>sine</span> <span class='ocrx_word' id='word_1_67' title='bbox 597 2859 843 2940; x_wconf 85' lang='lat' dir='ltr'>delectatione</span> <span class='ocrx_word' id='word_1_68' title='bbox 873 2859 981 2940; x_wconf 90' lang='lat' dir='ltr'>animi</span> <span class='ocrx_word' id='word_1_69' title='bbox 1011 2859 1272 2938; x_wconf 88' lang='lat' dir='ltr'>elaborassem.</span> 
     </span>
     <span class='ocr_line' id='line_1_10' title="bbox 160 2988 1271 3100; baseline 0.004 -30"><span class='ocrx_word' id='word_1_70' title='bbox 160 2988 251 3070; x_wconf 92' lang='lat' dir='ltr'>Cum</span> <span class='ocrx_word' id='word_1_71' title='bbox 273 3017 363 3072; x_wconf 85' lang='lat' dir='ltr'>vero</span> <span class='ocrx_word' id='word_1_72' title='bbox 384 2993 470 3072; x_wconf 93' lang='lat' dir='ltr'>nihil</span> <span class='ocrx_word' id='word_1_73' title='bbox 491 2993 569 3075; x_wconf 86' lang='lat' dir='ltr'>lere</span> <span class='ocrx_word' id='word_1_74' title='bbox 589 2996 706 3100; x_wconf 85' lang='lat' dir='ltr'>magis</span> <span class='ocrx_word' id='word_1_75' title='bbox 728 2997 763 3075; x_wconf 91' lang='lat' dir='ltr'>in</span> <span class='ocrx_word' id='word_1_76' title='bbox 785 2996 921 3075; x_wconf 87' lang='lat' dir='ltr'>deliciis</span> <span class='ocrx_word' id='word_1_77' title='bbox 942 2995 1101 3075; x_wconf 84' lang='lat' dir='ltr'>habeam</span> <span class='ocrx_word' id='word_1_78' title='bbox 1121 3007 1271 3098; x_wconf 85' lang='lat' dir='ltr'>tragoe-</span> 
     </span>
     <span class='ocr_line' id='line_1_11' title="bbox 159 3126 1272 3236; baseline 0.004 -32"><span class='ocrx_word' id='word_1_79' title='bbox 159 3127 225 3206; x_wconf 91' lang='lat' dir='ltr'>diis</span> <span class='ocrx_word' id='word_1_80' title='bbox 242 3126 470 3233; x_wconf 88' lang='lat' dir='ltr'>Sophocleis,</span> <span class='ocrx_word' id='word_1_81' title='bbox 489 3156 645 3236; x_wconf 91' lang='lat' dir='ltr'>quarum</span> <span class='ocrx_word' id='word_1_82' title='bbox 664 3132 823 3212; x_wconf 92' lang='lat' dir='ltr'>studium</span> <span class='ocrx_word' id='word_1_83' title='bbox 845 3132 1035 3210; x_wconf 92' lang='lat' dir='ltr'>incensum</span> <span class='ocrx_word' id='word_1_84' title='bbox 1058 3130 1144 3209; x_wconf 91' lang='lat' dir='ltr'>olim</span> <span class='ocrx_word' id='word_1_85' title='bbox 1166 3127 1272 3208; x_wconf 90' lang='lat' dir='ltr'>disci-</span> 
     </span>
     <span class='ocr_line' id='line_1_12' title="bbox 159 3263 1273 3373; baseline 0.003 -33"><span class='ocrx_word' id='word_1_86' title='bbox 159 3264 255 3367; x_wconf 92' lang='lat' dir='ltr'>plina</span> <span class='ocrx_word' id='word_1_87' title='bbox 281 3263 452 3346; x_wconf 89' lang='lat' dir='ltr'>Portensi</span> <span class='ocrx_word' id='word_1_88' title='bbox 473 3268 627 3373; x_wconf 93' lang='lat' dir='ltr'>deposui</span> <span class='ocrx_word' id='word_1_89' title='bbox 647 3294 859 3373; x_wconf 85' lang='lat' dir='ltr'>numquam,</span> <span class='ocrx_word' id='word_1_90' title='bbox 887 3267 952 3346; x_wconf 90' lang='lat' dir='ltr'>sed</span> <span class='ocrx_word' id='word_1_91' title='bbox 976 3267 1027 3345; x_wconf 92' lang='lat' dir='ltr'>uti</span> <span class='ocrx_word' id='word_1_92' title='bbox 1049 3264 1273 3346; x_wconf 90' lang='lat' dir='ltr'>adolescenti</span> 
     </span>
     <span class='ocr_line' id='line_1_13' title="bbox 57 3399 1274 3507; baseline 0.004 -31"><span class='ocrx_word' id='word_1_93' title='bbox 57 3423 62 3432; x_wconf 80' lang='grc'><em>’</em></span> <span class='ocrx_word' id='word_1_94' title='bbox 141 3399 246 3500; x_wconf 71' lang='grc' dir='ltr'>ιοΙίιη</span> <span class='ocrx_word' id='word_1_95' title='bbox 276 3401 327 3480; x_wconf 89' lang='lat' dir='ltr'>sic</span> <span class='ocrx_word' id='word_1_96' title='bbox 354 3429 449 3482; x_wconf 92' lang='lat' dir='ltr'>nunc</span> <span class='ocrx_word' id='word_1_97' title='bbox 481 3403 589 3482; x_wconf 90' lang='lat' dir='ltr'>dulce</span> <span class='ocrx_word' id='word_1_98' title='bbox 618 3403 704 3482; x_wconf 83' lang='lat' dir='ltr'>mihi</span> <span class='ocrx_word' id='word_1_99' title='bbox 735 3416 794 3482; x_wconf 89' lang='lat' dir='ltr'>est</span> <span class='ocrx_word' id='word_1_100' title='bbox 820 3402 1147 3482; x_wconf 84' lang='lat' dir='ltr'>oblectamentum:</span> <span class='ocrx_word' id='word_1_101' title='bbox 1176 3427 1274 3507; x_wconf 92' lang='lat' dir='ltr'>quae</span> 
     </span>
     <span class='ocr_line' id='line_1_14' title="bbox 159 3536 1274 3645; baseline 0 -31"><span class='ocrx_word' id='word_1_102' title='bbox 159 3536 347 3618; x_wconf 91' lang='lat' dir='ltr'>subsicivis</span> <span class='ocrx_word' id='word_1_103' title='bbox 377 3551 417 3618; x_wconf 89' lang='lat' dir='ltr'>ut</span> <span class='ocrx_word' id='word_1_104' title='bbox 446 3540 546 3619; x_wconf 89' lang='lat' dir='ltr'>aiunt</span> <span class='ocrx_word' id='word_1_105' title='bbox 572 3540 694 3644; x_wconf 92' lang='lat' dir='ltr'>operis</span> <span class='ocrx_word' id='word_1_106' title='bbox 725 3540 772 3619; x_wconf 95' lang='lat' dir='ltr'>de</span> <span class='ocrx_word' id='word_1_107' title='bbox 800 3537 1016 3645; x_wconf 90' lang='lat' dir='ltr'>Sophocleis</span> <span class='ocrx_word' id='word_1_108' title='bbox 1042 3537 1274 3642; x_wconf 89' lang='lat' dir='ltr'>potissimum</span> 
     </span>
     <span class='ocr_line' id='line_1_15' title="bbox 158 3672 1274 3782; baseline 0.001 -31"><span class='ocrx_word' id='word_1_109' title='bbox 158 3673 248 3753; x_wconf 91' lang='lat' dir='ltr'>locis</span> <span class='ocrx_word' id='word_1_110' title='bbox 270 3686 307 3754; x_wconf 92' lang='lat' dir='ltr'>et</span> <span class='ocrx_word' id='word_1_111' title='bbox 334 3672 535 3782; x_wconf 87' lang='lat' dir='ltr'>Euripideis</span> <span class='ocrx_word' id='word_1_112' title='bbox 556 3688 822 3756; x_wconf 91' lang='lat' dir='ltr'>commentatus</span> <span class='ocrx_word' id='word_1_113' title='bbox 844 3702 936 3773; x_wconf 90' lang='lat' dir='ltr'>sum,</span> <span class='ocrx_word' id='word_1_114' title='bbox 963 3672 1087 3753; x_wconf 91' lang='lat' dir='ltr'>libello</span> <span class='ocrx_word' id='word_1_115' title='bbox 1108 3673 1179 3753; x_wconf 92' lang='lat' dir='ltr'>hoc</span> <span class='ocrx_word' id='word_1_116' title='bbox 1199 3686 1274 3752; x_wconf 89' lang='lat' dir='ltr'>sta-</span> 
     </span>
     <span class='ocr_line' id='line_1_16' title="bbox 159 3809 1275 3918; baseline 0 -30"><span class='ocrx_word' id='word_1_117' title='bbox 159 3811 211 3888; x_wconf 91' lang='lat' dir='ltr'>tui</span> <span class='ocrx_word' id='word_1_118' title='bbox 241 3811 568 3918; x_wconf 88' lang='lat' dir='ltr'>comprehendere.</span> <span class='ocrx_word' id='word_1_119' title='bbox 618 3811 739 3918; x_wconf 80' lang='lat' dir='ltr'>Atque</span> <span class='ocrx_word' id='word_1_120' title='bbox 768 3835 993 3918; x_wconf 91' lang='lat' dir='ltr'>quamquam</span> <span class='ocrx_word' id='word_1_121' title='bbox 1023 3834 1099 3888; x_wconf 94' lang='lat' dir='ltr'>non</span> <span class='ocrx_word' id='word_1_122' title='bbox 1127 3809 1275 3914; x_wconf 90' lang='lat' dir='ltr'>adspiro</span> 
     </span>
     <span class='ocr_line' id='line_1_17' title="bbox 157 3946 1276 4054; baseline -0.003 -28"><span class='ocrx_word' id='word_1_123' title='bbox 157 3947 333 4052; x_wconf 90' lang='lat' dir='ltr'>equidem</span> <span class='ocrx_word' id='word_1_124' title='bbox 353 3972 475 4052; x_wconf 89' lang='lat' dir='ltr'>neque</span> <span class='ocrx_word' id='word_1_125' title='bbox 494 3948 642 4054; x_wconf 85' lang='lat' dir='ltr'>ingenio</span> <span class='ocrx_word' id='word_1_126' title='bbox 663 3972 785 4052; x_wconf 90' lang='lat' dir='ltr'>neque</span> <span class='ocrx_word' id='word_1_127' title='bbox 801 3947 965 4026; x_wconf 91' lang='lat' dir='ltr'>doctrina</span> <span class='ocrx_word' id='word_1_128' title='bbox 982 3946 1028 4024; x_wconf 88' lang='lat' dir='ltr'>ad</span> <span class='ocrx_word' id='word_1_129' title='bbox 1045 3969 1276 4025; x_wconf 91' lang='lat' dir='ltr'>summorum</span> 
     </span>
     <span class='ocr_line' id='line_1_18' title="bbox 158 4064 1275 4190; baseline -0.003 -28"><span class='ocrx_word' id='word_1_130' title='bbox 158 4084 320 4162; x_wconf 79' lang='lat' dir='ltr'>virorum</span> <span class='ocrx_word' id='word_1_131' title='bbox 329 4064 491 4179; x_wconf 85' lang='lat' dir='ltr'>laudem,</span> <span class='ocrx_word' id='word_1_132' title='bbox 501 4085 563 4190; x_wconf 93' lang='lat' dir='ltr'>qui</span> <span class='ocrx_word' id='word_1_133' title='bbox 575 4084 611 4162; x_wconf 91' lang='lat' dir='ltr'>in</span> <span class='ocrx_word' id='word_1_134' title='bbox 624 4083 772 4188; x_wconf 86' lang='lat' dir='ltr'>tragicis</span> <span class='ocrx_word' id='word_1_135' title='bbox 782 4082 904 4187; x_wconf 92' lang='lat' dir='ltr'>poetis</span> <span class='ocrx_word' id='word_1_136' title='bbox 917 4081 1136 4187; x_wconf 88' lang='lat' dir='ltr'>explicandis</span> <span class='ocrx_word' id='word_1_137' title='bbox 1150 4106 1275 4160; x_wconf 90' lang='lat' dir='ltr'>emen·</span> 
     </span>
     <span class='ocr_line' id='line_1_19' title="bbox 159 4216 1276 4325; baseline -0.001 -30"><span class='ocrx_word' id='word_1_138' title='bbox 159 4218 364 4323; x_wconf 87' lang='lat' dir='ltr'>dandisque</span> <span class='ocrx_word' id='word_1_139' title='bbox 392 4243 544 4325; x_wconf 89' lang='lat' dir='ltr'>operam</span> <span class='ocrx_word' id='word_1_140' title='bbox 572 4246 678 4299; x_wconf 89' lang='lat' dir='ltr'>suam</span> <span class='ocrx_word' id='word_1_141' title='bbox 709 4229 747 4300; x_wconf 89' lang='lat' dir='ltr'>et</span> <span class='ocrx_word' id='word_1_142' title='bbox 776 4218 1001 4298; x_wconf 91' lang='lat' dir='ltr'>collocarunt</span> <span class='ocrx_word' id='word_1_143' title='bbox 1028 4227 1066 4295; x_wconf 91' lang='lat' dir='ltr'>et</span> <span class='ocrx_word' id='word_1_144' title='bbox 1096 4216 1276 4296; x_wconf 90' lang='lat' dir='ltr'>collocant</span> 
     </span>
     <span class='ocr_line' id='line_1_20' title="bbox 161 4352 1273 4459; baseline -0.001 -29"><span class='ocrx_word' id='word_1_145' title='bbox 161 4352 290 4434; x_wconf 91' lang='lat' dir='ltr'>bodie:</span> <span class='ocrx_word' id='word_1_146' title='bbox 318 4366 440 4434; x_wconf 91' lang='lat' dir='ltr'>tamen</span> <span class='ocrx_word' id='word_1_147' title='bbox 457 4380 552 4459; x_wconf 92' lang='lat' dir='ltr'>qnae</span> <span class='ocrx_word' id='word_1_148' title='bbox 567 4353 729 4435; x_wconf 87' lang='lat' dir='ltr'>lectione</span> <span class='ocrx_word' id='word_1_149' title='bbox 744 4353 943 4432; x_wconf 88' lang='lat' dir='ltr'>identidem</span> <span class='ocrx_word' id='word_1_150' title='bbox 958 4353 1114 4457; x_wconf 90' lang='lat' dir='ltr'>repetita</span> <span class='ocrx_word' id='word_1_151' title='bbox 1130 4355 1273 4456; x_wconf 88' lang='lat' dir='ltr'>usuque</span> 
     </span>
    </p>
   </div>
   <div class='ocr_carea' id='block_1_2' title="bbox 0 0 1462 4820">
    <p class='ocr_par' dir='ltr' id='par_1_2' title="bbox 0 0 1462 4820">
     <span class='ocr_line' id='line_1_21' title="bbox 0 0 1462 4820; baseline 0 0"><span class='ocrx_word' id='word_1_152' title='bbox 0 0 1462 4820; x_wconf 95' lang='lat' dir='ltr'> </span> 
     </span>
    </p>
   </div>
  </div>
 </body>
</html>
