2900 4834
1188 307 1259 380 113

139 533 179 606 ἐν
193 531 329 630 βραχεῖ
339 533 443 628 θήσω
457 531 585 626 μέγαν·
604 529 679 604 οὐκ
702 530 747 604 ἐν
768 529 910 624 λόγοις
924 526 970 626 ἦν
985 524 1155 619 λαμπρός,
1175 525 1260 597 ἀλλ’

138 651 186 722 ἐν
222 649 378 721 ἀσπίδι
416 649 531 733 δεινὸς
562 649 731 746 σοφιστὴς
757 647 868 720 πολλά
897 648 928 718 τ’
956 644 1111 738 ἐξευρεῖν
1140 644 1259 740 σορός.

136 768 223 856 Quid
240 764 362 866 igitur‘i
380 769 469 866 quod
486 769 518 840 in
538 768 640 866 Tydei
658 768 827 840 virtutibus
841 778 1038 855 numeratur,
1061 763 1146 836 idem
1165 776 1260 861 putas

138 887 180 960 de
190 884 308 958 durno
330 899 407 985 apte
430 887 505 975 diei,
524 885 617 958 ouius
641 910 705 958 non
728 909 838 958 mores
857 882 1005 982 pluribus
1023 880 1260 970 deseribuntur,

138 1004 199 1076 sed
223 1003 301 1101 quid
325 1001 411 1076 bello
434 1003 576 1100 gesserit
598 1003 739 1075 breviter
760 996 945 1074 indieetur‘i
987 999 1035 1072 du
1059 999 1260 1072 reconditam

138 1122 302 1218 quandam
327 1121 508 1193 irrisionem
535 1120 651 1193 statuis
675 1120 774 1192 etiam
800 1119 832 1190 in
856 1118 996 1191 Aethrae
1018 1117 1127 1192 verbis
1149 1117 1261 1190 inesse

138 1235 256 1336 Suppl.
273 1239 339 1311 25:
361 1236 404 1320 ὅς
414 1239 455 1330 μ’
469 1237 645 1332 ἐξοτρύνει
663 1238 758 1309 παῖδ’
772 1235 857 1329 ἐμὸν
875 1239 989 1322 πεῖσαι
1005 1237 1113 1317 λιταῖς
1128 1240 1261 1328 νεκρῶν

137 1356 302 1452 κομισιὴν
332 1356 356 1452 ἢ
386 1355 642 1454 λόγοισινῆ
674 1354 818 1448 δορὸς
840 1356 974 1451 ῥώμῃ
1005 1353 1182 1449 γενέσθαι,
1211 1353 1261 1428 vel

138 1474 174 1544 in
192 1473 283 1546 ebori
302 1473 557 1571 interrogatione
574 1501 604 1546 v.
620 1475 712 1547 602:
729 1473 787 1546 διὰ
804 1471 947 1565 δορὸς
961 1469 1102 1569 εῖπαςῆ
1119 1472 1262 1565 λόγων

138 1590 461 1685 ἔνναλλαγαῖςς
488 1592 538 1666 vel
555 1593 589 1666 in
607 1591 646 1665 iis
665 1617 751 1691 quae
768 1592 898 1666 nuntius
916 1591 993 1664 dicit
1014 1589 1085 1663 Hel.
1101 1593 1193 1664 717:
1217 1587 1261 1662 od

137 1709 209 1803 γὰρ
227 1709 328 1792 πόσις
347 1733 385 1780 τε
402 1707 466 1792 σὸς
486 1710 602 1802 πόνων
620 1709 824 1808 μετέσχετε,
846 1709 890 1783 σι)
909 1709 977 1804 μὲν
998 1709 1216 1804 λόγοισιν,
1239 1708 1260 1780 ὁ

139 1827 183 1899 δὲ
200 1825 343 1920 δορὸς
361 1823 831 1928 προθομῖᾳῖᾳααιοσααιη
849 1829 933 1902 haee
951 1815 1092 1926 quidem,
1110 1839 1261 1924 utsupra

138 1969 173 2042 p.
189 1946 234 2016 17
249 1945 358 2036 donni,
371 1959 524 2044 corrupta
539 1971 615 2019 esse
628 1946 785 2018 videntur.
814 1949 910 2019 Certe
924 1946 1131 2018 vehementer
1144 1967 1263 2016 eavea·

140 2063 218 2136 dum
237 2077 299 2156 est,
321 2089 363 2138 ne
375 2065 572 2163 tragicorum
587 2077 757 2163 poetarum
770 2065 867 2137 dietis
880 2063 994 2136 neseio
1008 2063 1129 2160 quibus
1140 2085 1263 2158 aequa·

139 2180 217 2253 lium
229 2207 340 2255 mores
352 2207 474 2280 resque
487 2196 600 2281 gestas
614 2183 718 2256 tacete
732 2183 916 2280 descriptas
929 2205 1005 2254 esse
1018 2193 1141 2252 temere
1153 2192 1260 2277 putes.

142 2299 249 2397 Atque
273 2301 337 2373 hon
354 2299 429 2373 tono
446 2285 489 2372 ita
508 2301 649 2373 obseura
667 2313 758 2374 esset
774 2300 932 2372 eiusmodi
952 2295 1147 2397 significatio
1164 2310 1262 2394 atque

141 2417 262 2508 irrisio,
291 2431 335 2508 ut,
365 2417 427 2502 nisi
455 2417 599 2490 adhibito
625 2419 720 2490 buius
748 2416 875 2492 seilicet
902 2417 1019 2490 aetatis
1042 2417 1140 2489 doato
1163 2416 1262 2488 inter·

105 2538 110 2548 “
138 2547 232 2632 prete
251 2560 345 2608 nemo
364 2534 475 2608 horale
489 2535 732 2610 Atheniensium
750 2536 972 2610 intellecturus
990 2537 1094 2608 fuerit.
1128 2534 1176 2606 An
1197 2549 1260 2607 tam

139 2649 287 2726 studiose
314 2677 448 2750 operam
474 2652 608 2726 dedisse
634 2668 786 2751 putamus
813 2667 939 2727 veteres
967 2667 1084 2751 poetas
1115 2654 1260 2751 tragicos

140 2769 285 2842 moribus
302 2771 485 2869 aequalium
504 2771 776 2870 perstringendis,
801 2786 836 2844 ut
858 2796 1020 2870 personas
1043 2795 1082 2844 ea
1104 2771 1189 2843 adeo
1213 2771 1262 2843 Ιο-

140 2900 279 2985 quantes
303 2889 412 2962 faeere
434 2913 498 2961 non
522 2903 721 2979 vererentur,
744 2913 829 2989 quae
847 2916 867 2961 a
884 2889 1010 2962 ratione
1027 2890 1260 2962 sententiarum

140 3019 254 3080 essent
270 3003 496 3079 alienissima?
531 3005 600 3080 Sed
618 3005 697 3107 quid
714 3004 824 3106 plura!
854 3007 903 3081 Uti
924 3007 1018 3081 iaoile
1036 3020 1096 3098 est,
1119 3008 1261 3082 ineradi-

140 3122 215 3195 bilia
243 3124 326 3198 haee
352 3123 514 3223 opinionis
541 3138 723 3198 commenta
748 3125 909 3216 refellere,
930 3127 981 3198 sie
1002 3125 1142 3200 difficilis
1165 3127 1260 3198 huius

141 3240 205 3314 loni
218 3238 413 3315 emendatio.
443 3241 643 3340 Languidum
663 3245 760 3335 euim,
778 3245 866 3343 quod
882 3239 1088 3316 laoobsius
1106 3235 1261 3317 eouieeitt

141 3361 203 3440 ὡς
224 3357 419 3452 defend,
441 3360 484 3431 ad
502 3361 696 3432 sententiam
714 3387 792 3434 vero
809 3361 960 3459 apposita
978 3373 1011 3434 et
1029 3361 1260 3434 Hermanui

140 3479 343 3550 eonieeturat
370 3475 416 3550 ἐν
442 3478 619 3566 πόνοις,
646 3491 680 3551 et
705 3479 958 3577 Hartungii:
988 3481 1257 3574 συμμάχοις.

140 3591 209 3668 Sed
223 3607 336 3667 neutra
349 3621 369 3672 a
383 3595 560 3670 litterarum
574 3597 784 3670 simiiitudine
797 3597 878 3670 satis
896 3596 996 3669 babet
1011 3595 1258 3696 probabilitatis.

140 3710 283 3786 Similius
297 3727 387 3787 eerte
402 3713 557 3787 librorum
570 3717 752 3814 scripturae
774 3712 984 3787 ortorum
1000 3727 1051 3786 est
1064 3713 1263 3789 ardenne

141 3829 405 3922 (εὐμενῶς),
429 3856 537 3929 neque
554 3833 693 3906 alienum
713 3833 777 3904 hoe
793 3857 814 3904 a
831 3831 1003 3921 sententia,
1025 3832 1067 3903 et.
1083 3831 1153 3904 Ale.
1170 3834 1259 3904 211:

139 3947 225 4020 ὥστ’
252 3948 299 4020 ἐν
328 3953 534 4022 κακοῖσιν
565 3949 778 4042 εὐμενεῖς
805 3949 1099 4042 παρεστάναι.
1141 3947 1258 4048 Suppi.

139 4066 231 4138 6³0:
247 4066 344 4138 πόλει
358 4090 420 4158 μοι
438 4067 619 4162 ξύμμαχος
633 4070 738 4161 γενοῦ
754 4065 831 4162 τᾷδ’
844 4065 1034 4164 εὐμενής.
1059 4068 1157 4141 Rhes.
1170 4069 1260 4141 276:

139 4183 232 4280 ἀνὴρ
255 4185 324 4278 γὰρ
347 4185 463 4283 ἀρχῆς
480 4183 611 4278 μορίας
629 4185 876 4281 στρατηλατῶν
900 4184 1026 4281 manger
1050 4184 1182 4282 φίλος
1205 4185 1260 4258 σοὶ

141 4301 381 4397 σύμμαχός
402 4326 441 4374 τε
466 4305 551 4398 τῇδε
575 4305 631 4397 γῇ.

271 4460 275 4468 »
1057 4435 1075 4489 8
