2900 4834
1224 323 1271 394 97

122 550 276 623 :solitum
314 549 394 620 ltem
415 541 455 620 ea
479 572 564 644 quae
590 559 770 642 sequuntur
793 543 1000 654 vitio-aliquo
1024 542 1200 638 depravata
1225 541 1272 612 vi-

147 669 264 741 den'tur
279 691 366 739 esse.
399 665 505 737 lolaus
525 665 610 736 enim
628 665 773 754 miratus,
793 661 1033 734 contentionem
1053 685 1144 732 suam
1164 685 1205 732 ae
1224 660 1271 732 le·

150 786 358 858 stinationem
376 808 441 882 nep
460 783 597 880 agnosci
616 807 634 853 a
653 782 811 870 ministro,
828 780 912 850 haee
930 778 1022 850 dicit:

345 901 470 973 οὔκουν
496 901 587 994 ὁρᾷς
603 921 675 991 μου
700 898 813 969 κῶλον
839 900 893 977 ὡς
916 895 1107 988 ἐπείγεταις

149 1021 193 1094 ad
213 1045 297 1118 quae
316 1018 370 1091 ille
388 1018 568 1116 respondet
644 1035 650 1055 '¹

206 1137 422 1228 v.735:opn
449 1131 661 1206 δοκοῦντα
683 1133 814 1226 μᾶλλον
837 1133 861 1229 ἢ
887 1121 1083 1203 οντεύόονυά
1105 1153 1157 1202 σε.

150 1258 181 1328 t.
203 1283 233 1328 e.
257 1259 349 1326 uideo
376 1256 555 1326 :actuari
576 1256 683 1346 potius
704 1255 856 1346 festinare
879 1277 977 1346 quum
999 1274 1086 1322 vere
1106 1252 1269 1344 festinare.

151 1373 253 1446 Vides
279 1372 479 1446 nihitatiud-
498 1373 566 1444 lere
592 1361 654 1441 nisi
680 1383 831 1467 repetere
857 1370 1035 1440 ministrum
1062 1393 1148 1466 quae
1174 1367 1272 1439 modo

152 1492 328 1564 dixeritne
345 1503 495 1589 repetere
514 1489 631 1562 eodem
649 1513 743 1559 usum
757 1487 857 1560 verbo
875 1463 1024 1559 duricia.
1052 1487 1122 1558 Hoc
1141 1498 1270 1557 constat

65 1619 72 1626 ’
150 1624 183 1684 et
207 1610 424 1707 oppositionis
448 1609 564 1682 rationi
588 1621 621 1680 et
643 1607 726 1706 ipsis
751 1607 802 1698 iis,
826 1631 911 1704 quae
934 1604 1134 1703 respondeat
1150 1603 1271 1675 Iolaus:
1400 1611 1408 1626 '

149 1725 192 1798 οὐ
210 1731 319 1798 ταῦτα
336 1726 457 1815 λέξεις,
476 1725 564 1821 ἡνίκ’
580 1726 623 1798 ἂν
639 1724 792 1820 λεύσομς
802 1723 842 1816 μ’
860 1723 939 1795 ἐκεῖ
950 1722 1173 1820 multomagis
1192 1747 1272 1793 eon-

150 1846 271 1937 venire,
288 1846 316 1917 si
335 1846 398 1917 hoc
416 1846 513 1917 modo
532 1845 670 1916 ministri
689 1844 868 1916 orationum
885 1868 904 1914 a
924 1853 1020 1938 poeta
1039 1841 1272 1916 conformatam

151 1963 255 2036 luisse
271 1975 465 2035 statuamus:
683 1965 686 1978 Χ

286 2083 362 2174 ὁρῶ
385 2081 419 2175 γ’
435 2079 636 2153 ὀκνοῦντα
654 2079 786 2171 μᾶλλον
808 2079 832 2176 ἢ
855 2077 1052 2150 σπεύδοντά
1073 2101 1125 2148 σε.
1151 2139 1154 2144 ,

147 2199 268 2272 ’θκνεΐν
290 2200 377 2272 euim
400 2212 433 2270 et
454 2199 496 2270 de
519 2198 801 2271 cunctatione
819 2196 947 2287 dicitur,
966 2221 1064 2292 quam
1077 2195 1208 2293 quidem
1223 2193 1273 2264 in·

152 2316 276 2414 tellegit
293 2317 450 2406 minister,
473 2329 505 2388 et
523 2316 564 2388 de
582 2316 774 2413 ignavia,
798 2315 839 2386 de
857 2339 921 2410 qua
939 2315 1046 2387 Iolaus
1064 2313 1159 2385 simul
1177 2314 1273 2385 lorsi·

150 2449 205 2507 tau
229 2435 361 2532 cogitet.
403 2435 473 2506 Nee
489 2460 614 2525 vereor,
638 2461 679 2506 ue
696 2433 771 2531 quis
790 2447 911 2505 temere
932 2434 1104 2530 inepteque
1122 2433 1272 2504 infartam
1305 2433 1312 2452 “

151 2552 239 2624 dicat
255 2577 297 2646 με
310 2551 513 2650 particulam,
528 2577 592 2648 qua
610 2565 810 2624 consuerunt
827 2577 908 2624 sane
926 2552 958 2622 in
976 2549 1120 2623 metricis
1137 2549 1272 2650 potissi·
1397 2595 1400 2603 ,

150 2689 237 2741 mum
252 2670 407 2741 sanandis
421 2670 605 2742 vulneriltus
619 2670 717 2742 hodie
731 2695 861 2767 quoquo
875 2668 963 2741 multi
977 2667 1076 2740 abuti.
1100 2666 1273 2765 Significat

151 2787 238 2859 enim
264 2788 420 2878 minister,
453 2814 491 2860 se
517 2789 666 2860 videre
693 2788 835 2885 quidem,
866 2787 1036 2860 at'videre
1062 2786 1150 2858 aliud
1174 2799 1284 2882 atque·

150 2903 258 2976 lolaus
276 2906 382 3002 ipsum
397 2906 508 2978 videre
527 2919 629 3004 putet.
650 2905 709 2976 Vix
727 2905 868 3002 denique
885 2905 950 2978 hoe
967 2929 1052 3003 opus
1070 2917 1121 2976 est
1139 2904 1272 2995 addere,

19 3013 24 3022 ’
151 3024 239 3096 haud
256 3049 331 3096 raro
349 3025 506 3122 permixta
525 3049 601 3097 esse
618 3023 652 3095 Γ
665 3037 698 3096 et
714 3023 750 3096 Δ.

228 3259 380 3334 Herael.
392 3262 481 3334 807:
813 3260 881 3332 ἀλλ’
899 3259 978 3353 ἐμοὶ
990 3260 1101 3353 μόνος
1111 3258 1212 3354 μόνῳ

231 3398 244 3409 ··
490 3381 609 3476 μάχην
622 3379 793 3478 συνάψας,
809 3379 980 3474 ἢκτανὼν
994 3377 1082 3473 eiquo
1094 3377 1215 3476 λαβὼν
1261 3465 1266 3472 q

416 3519 418 3524 ’
494 3497 577 3580 τοὺς
588 3495 814 3592 Ἡρακλείους
828 3498 1039 3582 παῖδας-κτλ.

59 3627 64 3634 ’
151 3615 223 3688 Ηοο
245 3614 318 3688 loeo
340 3639 537 3714 quamquam
560 3615 647 3688 nullo
671 3617 802 3714 negotio
826 3641 866 3688 ex
889 3615 973 3709 ἐμοί
989 3616 1117 3688 auditur
1135 3641 1163 3684 v.
1179 3615 1271 3687 808:

149 3735 284 3806 κτανών
308 3757 388 3826 με,
419 3747 526 3806 umen
553 3759 627 3806 cum
653 3734 895 3830 subsequantur
925 3732 1014 3827 ἄγου
1041 3733 1161 3833 λαβὼν
1190 3729 1273 3813 τοὺς

146 3848 371 3944 Ἡρακλείους
394 3853 532 3941 παῖδας,
559 3877 673 3924 vereor
697 3851 838 3948 nequid
862 3852 1029 3924 oboriatur
1051 3853 1271 3944 obscuritatis,
1296 3885 1299 3892 ¹

43 4023 51 4032 .
150 3995 248 4067 quam
271 3970 408 4042 alienam
432 3971 517 4041 duco
540 3968 581 4040 ab
605 3968 718 4041 illustri
746 3983 779 4040 et
804 3969 976 4043 enucleato
1002 3996 1155 4043 sermone
1178 3971 1271 4042 Euri·

150 4088 260 4184 pideo.
298 4090 409 4176 Quare
426 4089 616 4187 scripserim
634 4090 804 4185 equidem:

661 4207 684 4302 ἢ
702 4208 835 4279 κτανών
848 4207 889 4300 μ’
906 4205 994 4301 ἄγου
1011 4207 1131 4306 λαβὼν
1147 4209 1215 4279 κτλ.

151 4323 255 4409 Quam
271 4323 364 4395 lacile
379 4338 485 4397 autem
500 4327 583 4398 inter
593 4325 628 4398 N
636 4339 668 4398 et
681 4326 707 4398 A
722 4325 921 4398 interciderit
934 4325 977 4414 M,
988 4325 1059 4398 luce
1074 4325 1192 4398 clarius
1205 4339 1266 4397 est.

1067 4462 1082 4509 7
