2900 4834
1212 319 1262 389 89

144 561 208 607 non
233 536 393 634 congruit,
417 547 451 607 ut
468 537 545 608 lon.
562 537 647 632 638,
671 535 724 608 ubi
744 535 831 632 quod
851 517 1005 607 librorum
1024 537 1178 608 memorie
1196 549 1263 608 tre·

142 654 242 726 ditur:
268 657 364 724 θεῶν
389 653 487 724 δ’,ἐν
513 654 633 749 εὐχαῖς
657 655 680 750 ἢ
707 654 864 747 γόοισιν
888 652 911 750 ἦ
937 653 1077 751 βροτῶν
1104 655 1262 726 dudume

141 771 391 869 Musgr-evio
409 785 635 844 commutatum
655 786 706 846 est
722 795 818 845 vocet
836 772 1057 866 λόγοισιν·

218 890 296 962 Item
315 891 395 962 lon.
412 889 502 962 769:
902 895 906 902 ’

293 1005 379 1078 llll.
392 1007 503 1101 μήπω
517 1007 699 1102 στενάξῃς.
713 1005 783 1078 KP.
800 1006 886 1078 ἀλλὰ
900 1008 1040 1099 πάρεισι
1052 1009 1143 1102 γόοι

142 1122 290 1196 vitiosum
314 1136 375 1195 est.
413 1123 525 1210 Quivis
544 1124 630 1195 enim
647 1124 742 1197 lecile
760 1123 927 1222 intellegit,
950 1114 1091 1198 morienti
1115 1129 1196 1220 seni,
1220 1153 1261 1201 ne

142 1239 334 1314 lamentetur
351 1242 484 1331 Creusa,
508 1240 593 1313 hanc
611 1267 675 1313 non
694 1266 795 1338 posse
813 1243 1031 1340 respondere:
1053 1263 1118 1339 „ct
1141 1250 1262 1318 lemen-
1341 1275 1346 1280 ·

142 1362 221 1432 tatic
240 1361 360 1453 σόων,ιι
378 1359 500 1432 debere
514 1359 623 1456 potius
637 1359 748 1432 dicere
762 1372 831 1431 eut:
850 1379 884 1432 σι
897 1364 998 1434 hebro
1012 1387 1070 1435 σαι
1083 1363 1262 1436 tameoter“

136 1491 211 1550 eut:
234 1495 296 1566 „cr
317 1479 452 1550 miseriis
469 1481 636 1571 premor.“
674 1479 779 1563 Quem
802 1477 936 1550 obrem
960 1505 1024 1551 non
1047 1481 1159 1554 dubito
1182 1482 1261 1580 quin
1372 1558 1373 1562 ,

140 1595 351 1667 scribendum
369 1595 427 1667 sit:

498 1713 585 1786 ἀλλὰ
603 1713 743 1807 πάμεισι
763 1715 903 1786 πόνοι.

218 1863 323 1960 Atque
341 1865 437 1939 etiem
455 1864 590 1970 Suppl.
610 1868 707 1939 1148
727 1893 790 1938 non
810 1867 885 1948 ἅλις
899 1867 1024 1960 γόων,
1043 1870 1103 1942 sed
1230 1895 1232 1898 ·

397 1984 472 2066 ἅλις
495 1971 647 2072 πόνων,
674 1985 750 2082 ἅλις
771 1985 888 2080 τύχας,

396 2101 472 2183 ἀλις
495 2099 528 2171 d’
550 2099 687 2193 ἀλγέων
714 2099 792 2193 ἐμοὶ
818 2097 984 2195 π’ἀμεστιν

142 2236 276 2319 propter
302 2219 493 2292 vocabulum
525 2219 613 2317 quod
645 2221 791 2315 sequitur
814 2221 1021 2293 scribendum
1051 2248 1127 2294 esse
1156 2248 1261 2322 prope

141 2361 334 2435 persuasum
357 2339 433 2408 mihi
458 2351 518 2411 est.
557 2338 710 2424 Quemvis
734 2339 818 2410 enim
842 2340 929 2437 epod
948 2338 1145 2438 Sophoclem
1171 2342 1259 2415 Aiac.

141 2457 215 2528 973
235 2457 427 2528 invenietur:
450 2457 557 2528 λιπὼν
580 2455 701 2538 ἀνίας
721 2455 779 2527 καὶ
800 2457 940 2550 γόους,
964 2473 1070 2531 temen
1091 2486 1155 2532 non
1173 2473 1262 2532 reete
1293 2521 1298 2528 .

139 2573 288 2646 videntur
310 2574 386 2667 γόοι
408 2563 426 2647 e
451 2600 531 2648 voce
556 2573 692 2667 ἀλγέων
716 2575 846 2648 nomine
860 2576 956 2670 ’τόχοι
981 2577 1172 2675 interposito
1195 2578 1263 2649 dis·

140 2692 244 2789 iungi:
263 2692 303 2763 cl.
320 2690 428 2763 Orest.
445 2693 534 2763 677:
551 2690 610 2762 καὶ
626 2691 737 2784 λέγειν
755 2693 831 2784 ἁγὼ
850 2691 941 2785 λέγω
962 2694 1057 2764 ταῦτ’
1074 2693 1125 2777 εἴς
1140 2719 1178 2765 τε
1192 2697 1262 2765 dcl-

140 2835 247 2901 κμοα
275 2807 334 2880 καὶ
358 2809 487 2902 γόους
509 2807 568 2879 καὶ
592 2810 820 2902 συμφοράς.
868 2811 1041 2884 Praeterea
1069 2813 1150 2884 haec
1169 2812 1261 2885 velim

142 2930 353 3002 consideres:
381 2929 488 3001 Orest.
510 2931 549 3000 2:
572 2927 658 2999 οὐδὲ
683 2930 832 3010 ποῖόος
854 2928 939 3001 οὐδὲ
965 2931 1177 3024 συμφορά
1202 2931 1260 3022 [cl.

141 3047 260 3119 Aesch.
278 3049 369 3120 Pers.
386 3048 475 3120 436:
493 3046 705 3140 σομφομά
724 3048 935 3136 irrideor).
964 3047 1034 3118 Alc.
1051 3047 1140 3120 895:
1159 3047 1262 3118 πέν-

140 3167 197 3261 dn
220 3164 361 3236 λῦπαί
378 3189 417 3235 τε
438 3163 555 3258 φίλων.
593 3163 746 3234 Androm.
764 3165 853 3236 705:
876 3165 1123 3260 μόχόοισιν
1149 3163 1263 3237 ἄλλων

140 3282 200 3354 καὶ
217 3283 376 3363 πόνοις
391 3282 592 3376 ἐπηρμένοι.
622 3279 738 3377 Suppl.
757 3282 869 3352 1004:
893 3277 1124 3376 ἔμμοχθον
1145 3281 1262 3380 βίοτον

142 3399 510 3481 αλῶνόςτεπόνονς.
535 3397 733 3469 Bacch.66:
755 3396 892 3469 πόνον
910 3398 997 3494 riddo
1014 3400 1260 3492 κάματόνά

141 3515 347 3609 εὐκάματον.

218 3719 468 3793 Heracleae:
483 3718 660 3813 τμισσαίμ’
676 3719 906 3814 ἀναγκάζουσι
920 3726 1141 3814 συμφοραῖς
1156 3720 1262 3810 ὁδοί,

482 3837 604 3926 Ἰόλαε,
625 3837 865 3934 τοόςσοόςμὴ
878 3837 1118 3930 παρώσασθαι
1130 3837 1260 3920 ξένους.

141 3955 259 4028 Tribus
283 3956 380 4053 igitur
401 3955 581 4027 rationibus
605 3981 682 4027 sese
705 3955 826 4052 impelli
850 3957 895 4028 eit
917 3956 1118 4052 Demophon,
1142 3969 1174 4027 ut
1199 3956 1263 4028 lle·

140 4073 281 4145 reclide's
302 4074 418 4146 linibus
437 4075 506 4146 sois
526 4101 566 4167 ne
584 4075 701 4163 eiiciet,
724 4099 860 4171 querum
884 4075 1042 4145 rationum
1066 4099 1162 4145 unam
1186 4075 1263 4146 dicit

141 4192 294 4288 pietatem
319 4194 348 4263 in
373 4195 490 4282 lovem,
515 4193 678 4290 hospitum
703 4206 851 4280 tutorem,
870 4193 1097 4289 'cognationem
1117 4191 1262 4280 alteram,

140 4311 265 4382 tertiam
290 4310 539 4384 declinationem
563 4310 736 4382 dedecoris
759 4310 953 4407 honestique
976 4309 1127 4380 studium.
1174 4309 1261 4381 lleec
