2914 4820
1233 290 1287 385 ιδ’

161 527 384 600 redundantia.
431 532 539 616 Quare
563 531 709 604 correxit,
726 542 879 627 uterque:
905 530 976 610 τοῖς
996 527 1213 624 ἐχθροῖσι
1230 555 1281 603 τοι

158 637 293 739 pilatim
320 646 449 729 πάντες
472 647 645 740 κειμένοις
669 646 871 740 ἐπεγγελᾶν.
904 649 1084 718 Meiuekiua
1099 649 1185 720 enim
1204 675 1280 720 num
1336 663 1338 672 ‘

159 764 310 834 consulto
336 763 492 858 ἐχθροῖσι
520 767 606 858 γάρ
634 766 815 862 scripserit,
845 765 1090 836 incertumest.
1136 766 1280 837 Eandem

66 933 72 944 1
158 895 265 952 autem
290 883 510 954 coniecturam
534 883 596 954 iam
616 883 912 954 llerwerdenum
930 883 968 952 in
985 883 1281 954 Emancitctiouibus

160 1001 277 1070 criticis
296 998 407 1096 llagae
426 1000 585 1071 Comitum
604 1000 700 1071 editis
718 1026 748 1071 a.
767 1000 875 1071 1862.
898 1025 929 1095 p.
950 1001 1031 1070 112.
1052 1001 1281 1096 proposuisse,

159 1116 390 1188 Dindcrlius
403 1116 555 1188 indicavit
569 1116 673 1188 Praei.
690 1117 742 1188 ed.
758 1117 808 1188 lV.
824 1143 857 1214 p
874 1114 954 1204 Xttt,
971 1116 1026 1212 qui
1044 1115 1190 1212 appellet
1206 1141 1279 1188 eam
1367 1197 1372 1207 ⁸

160 1235 374 1306 verissimam.
410 1235 444 1306 ln
463 1234 642 1305 admirabili
661 1235 725 1306 boc
743 1235 913 1306 doctorum
932 1234 1095 1305 hominurn
1114 1259 1280 1308 consensu

159 1351 379 1446 periculosum
402 1375 482 1424 sane
506 1352 631 1422 videtur
654 1375 732 1423 esse
754 1350 949 1423 defendendi
973 1351 1125 1424 studium.
1162 1353 1281 1426 Delen-

160 1469 234 1538 dam
258 1481 365 1540 tamen
388 1489 474 1565 quae
496 1493 561 1540 nou
585 1473 674 1541 recte
699 1469 938 1565 impugnantur.
985 1467 1168 1541 Pleonacmi
1193 1472 1280 1543 enim

160 1586 290 1657 nomine
312 1611 377 1658 nou
403 1587 546 1658 notanda
569 1601 620 1659 cst
637 1589 751 1658 oratio.
784 1588 864 1658 Cum
881 1573 1080 1658 mortuorum
1098 1587 1183 1658 enim
1200 1614 1280 1685 pro·

160 1714 261 1774 strata
280 1727 421 1799 corpora
438 1703 634 1800 saepissime
650 1703 793 1795 tatiacum
810 1703 1025 1802 appellantur,
1043 1705 1226 1778 coniunctis
1240 1707 1281 1778 il·

160 1819 200 1890 lis
213 1822 343 1892 lammis
354 1837 555 1892 scortatorum
566 1824 767 1894 imbecillitas
779 1847 843 1912 uon
857 1822 967 1918 inepte
981 1823 1124 1894 describi
1137 1824 1279 1913 videtur3

186 1924 192 1933 ι

161 1937 201 2008 cl.
221 1939 261 2007 de
277 1940 377 2009 utrm.
398 1962 446 2008 cr.
467 1941 566 2031 Sopb.
588 1943 624 2009 Ρ.
643 1943 690 2012 11.
706 1965 740 2032 p.
762 1942 796 2009 2.
825 1938 899 2010 Eur.
916 1938 986 2010 Hel.
1005 1938 1121 2014 1605:
1139 1940 1223 2022 τοὺς
1237 1941 1280 2012 δὲ

160 2052 574 2146 κειμένονςνεκροὺς
589 2055 632 2126 ἂν
651 2053 752 2136 εἶδες.
776 2054 816 2125 cl.
832 2052 915 2126 Xen.
932 2057 1006 2149 Cyri
1024 2057 1226 2152 disciprll,
1245 2059 1280 2149 3,

161 2173 206 2242 8:
228 2169 306 2241 ἐπεὶ
322 2171 365 2242 δὲ
382 2169 455 2242 εἶδε
473 2172 534 2267 τὴν
551 2173 694 2264 γυναῖκα
710 2170 825 2266 χαμαὶ
839 2171 1044 2268 καθημένην
1060 2173 1119 2244 καὶ
1136 2173 1194 2246 τὸν
1212 2199 1279 2246 νε-

161 2286 271 2380 κρὸν
286 2289 509 2380 κείμενον,
529 2289 704 2382 masmae
720 2292 788 2362 κτλ.
820 2291 1017 2362 Sententiam
1036 2317 1113 2363 vero
1131 2295 1279 2367 concedo

162 2431 238 2478 osse
251 2406 437 2478 absurdam.
466 2407 533 2480 Nec
547 2422 652 2480 tamen
668 2422 782 2480 sanata
796 2409 902 2480 omnia
918 2407 972 2480 illa
987 2410 1184 2483 coniectura.
1212 2412 1281 2484 Ali·

162 2523 205 2594 ud
223 2536 275 2594 est
292 2524 389 2612 enim,
414 2526 501 2622 quod
519 2527 707 2598 vebmenter
725 2524 908 2620 displiceat.
946 2527 1025 2596 Cum
1043 2526 1171 2598 Teucer
1193 2530 1279 2600 enim
1371 2544 1373 2548 ’

162 2665 298 2736 puerum
325 2641 456 2716 iusserit
482 2667 579 2740 quam
605 2644 742 2741 primum
768 2643 902 2730 arcessi,
931 2655 964 2714 et
990 2643 1062 2739 ipse
1088 2644 1208 2715 chorus
1235 2646 1279 2717 ita

151 2749 361 2852 ¹respondeat
374 2786 403 2830 v.
425 2759 499 2831 990
517 2785 582 2857 sq„
601 2774 635 2832 ut
649 2761 742 2832 unius
757 2759 849 2855 pueri
863 2759 982 2830 mentio
996 2773 1091 2830 autea
1104 2761 1189 2832 faeta
1203 2787 1279 2834 esse

164 2876 319 2969 videatur,
336 2880 450 2951 mirum
469 2895 529 2970 est,
547 2883 654 2953 discis
672 2879 833 2976 interponi
852 2879 1045 2950 mentionem
1064 2880 1192 2970 mortui,
1215 2906 1279 2978 qua

163 2997 397 3067 sententiarum
413 2999 496 3070 ordo
514 2974 720 3095 perturbatur
739 3023 804 3068 nun
821 2995 1039 3068 mediocriter.
1068 2997 1175 3087 Certe,
1192 2998 1221 3068 si
1238 2999 1280 3068 de
1392 3093 1394 3106 Ι

163 3112 291 3184 inimica
309 3113 458 3186 irrisione
476 3115 602 3188 Teucer
620 3115 772 3213 loqu-itur,
795 3115 860 3186 hoc
876 3113 1006 3210 quidem
1025 3113 1098 3185 luco
1117 3114 1280 3211 pertinere

163 3242 202 3301 ‘ea
226 3230 324 3302 debet
344 3232 387 3302 ad
411 3258 508 3303 unum
524 3237 732 3324 Eurysacen,
755 3255 818 3304 nou
836 3230 879 3303 ad
896 3231 1040 3303 Aiacem.
1071 3232 1281 3328 Quapropter

162 3359 218 3418 aut
235 3347 443 3420 scribendum
462 3363 529 3421 est:

290 3461 345 3552 ἴθ’,
373 3465 517 3558 ἐγκόνει,
544 3467 717 3560 σύγκαμν’,
744 3465 802 3538 ὅτ’
820 3465 1069 3560 ὀρφανοῖσί
1088 3488 1142 3536 τοι

290 3583 424 3676 φιλοῦσι
447 3585 576 3666 πάντες
599 3583 675 3654 καὶ
701 3582 824 3664 νέοις
848 3579 906 3652 ἔτ’
925 3581 1081 3676 §rpeiam

165 3709 230 3786 aut,
248 3699 336 3795 quod
349 3700 549 3796 probabilius
564 3702 682 3792 babeo,
699 3701 889 3773 exturbandi
904 3700 969 3772 duo
983 3723 1100 3772 versus
1111 3700 1281 3793 aue-89,

164 3828 199 3885 ut
215 3813 311 3888 aliani
329 3817 370 3888 ab
390 3817 484 3891 buius
502 3819 566 3891 loci
582 3820 719 3892 ratione.
740 3861 785 3871 -

242 4051 423 4150 Deploraus
446 4054 585 4146 Teucer,
607 4078 692 4153 quae
710 4055 772 4126 sibi
791 4052 869 4126 olim
886 4054 915 4125 si
933 4054 966 4125 in
983 4055 1121 4152 patriam
1138 4054 1282 4146 redierit,

161 4193 183 4240 a
205 4182 299 4266 patre
316 4171 483 4244 uacuudia
501 4174 735 4245 exardescente
752 4172 961 4269 impendeant
978 4172 1173 4262 tristissima,
1199 4172 1282 4244 haec

162 4285 254 4356 addit
271 4301 412 4360 extrema
