2914 4820
166 290 188 356 8

167 502 289 574 doloris
318 504 435 601 pleno:
464 505 611 578 nimirum
638 523 764 586 mortuo
791 510 848 582 illo
873 513 951 584 nihil
974 473 1288 586 habere'videbatur

165 621 227 693 vito
247 621 369 692 urbane
389 621 624 696 delectationis.

242 857 360 930 Verum
378 859 422 931 ad
440 860 647 933 coniecturas
665 863 737 960 ipse
755 890 864 936 vocor.
892 907 937 916 --
963 865 1045 938 Fieri
1064 865 1150 938 solet
1167 891 1287 964 saepe-

48 1029 53 1038 .
165 1000 310 1066 numero,
328 990 362 1048 ut
380 1000 464 1070 quae
481 977 671 1050 affirmando
689 982 896 1077 pronuntiata
914 996 999 1072 sunt,
1018 983 1192 1080 negatione
1206 1009 1287 1055 oon·

165 1094 254 1164 trarii
282 1094 513 1166 confirmentur
537 1095 652 1166 eadem
679 1098 821 1194 gravius,
853 1099 949 1170 ouius
978 1101 1223 1172 consuetudinis
1255 1114 1289 1172 et

73 1274 80 1286 ,
165 1208 407 1282 Lobeckius
426 1211 469 1282 cd
487 1210 576 1283 Aiec.
595 1239 627 1309 p.
646 1216 715 1285 211
738 1215 948 1312 huudpouca
966 1216 1070 1288 attulit
1088 1217 1236 1315 exemplo
1255 1233 1288 1290 et

165 1327 238 1425 ipse
266 1327 401 1421 plurime
434 1326 551 1426 collegi
588 1335 627 1402 do
656 1335 758 1404 ebert.
787 1350 869 1404 orat.
899 1335 998 1426 Soplt.
1044 1336 1080 1406 Ρ.
1106 1336 1141 1406 λλ.
1168 1362 1201 1432 p.
1228 1338 1303 1436 17„

164 1445 269 1538 Atque
287 1445 319 1516 in
337 1446 453 1518 eodem
472 1471 595 1543 genere
613 1449 773 1524 numerari
792 1450 1175 1547 posseHermunnus
1193 1465 1288 1551 puta·

166 1563 221 1654 bet
238 1562 317 1634 illud
335 1562 534 1636 Tecmessae

242 1681 299 1753 nt.
322 1682 414 1754 esu:
615 1659 621 1676 ’

420 1798 456 1871 τί
472 1800 568 1896 τήνδ’
587 1799 769 1898 ἄκλητος
789 1801 881 1874 οὔθ’
900 1807 966 1876 ὑπ’
985 1803 1174 1900 ἀγγέλων

292 1916 465 2013 κληθεὶς
480 1917 647 2014 ἄφορμᾷς
661 1922 796 2012 negotiu,
819 1919 915 1992 οὔτε
934 1945 1005 1993 τοο
1022 1923 1155 1994 κλύων
1178 1931 1180 1934 ’

294 2035 532 2128 οᾶλπιγηοςς

166 2156 194 2224 si
218 2155 348 2248 quidem
372 2154 585 2226 scriberetur:
610 2152 760 2250 ἄκλητος
779 2155 867 2227 οὐδ’
887 2158 946 2228 ὑπ’
966 2156 1122 2250 ἀγγέλων
1144 2155 1289 2253 κληθεὶς

72 2253 76 2262 ’
164 2272 253 2356 κτλ.;
275 2294 336 2341 suo
359 2271 429 2342 iure
452 2283 558 2342 tumen
582 2273 775 2369 repugnavit
792 2273 1031 2364 lobeclrius3
1050 2301 1124 2348 nem
1143 2300 1184 2346 ne
1203 2300 1287 2346 unus

167 2388 296 2482 quidem
316 2386 409 2460 locus
428 2389 598 2480 invenitur,
621 2390 675 2483 qui
694 2399 766 2462 c'um
786 2388 974 2487 Sophocleo
993 2393 1056 2464 hoc
1075 2405 1165 2493 recte
1184 2391 1289 2488 possit

167 2507 362 2603 comparari.
400 2505 504 2600 Atque
528 2529 720 2601 quamquam
745 2508 995 2604 copia·quidem
1015 2511 1187 2581 verborum
1214 2533 1288 2581 cum

169 2622 313 2696 mulieris
332 2623 558 2696 consuetudini
578 2637 644 2695 tum
663 2625 759 2696 animi
783 2624 869 2697 illius
888 2625 1095 2698 sollicitudini
1115 2640 1291 2699 consenta-

169 2767 229 2814 nea
249 2757 310 2834 est,
325 2755 358 2814 ut
370 2767 485 2814 verear
498 2743 719 2814 verbosiorem
738 2743 824 2815 hunc
842 2769 1026 2816 sermonem
1045 2745 1211 2842 indignum
1226 2743 1291 2818 So·

169 2859 287 2957 phocle
305 2861 466 2935 iudicare:
479 2859 542 2931 hoo
559 2872 666 2932 tamen
685 2859 782 2932 facile
801 2861 959 2950 concedo,
978 2875 1011 2932 et
1028 2862 1168 2934 nominis
1187 2859 1290 2956 ἄκλη-

88 3039 93 3042 .
169 3001 229 3059 τος
249 2978 496 3075 explicationem
520 2999 604 3070 quee
627 2977 743 3050 eodem
768 2977 821 3050 fiat
840 2978 939 3049 verbo
959 2976 1101 3072 κληθείς
1116 2978 1289 3050 admodum

169 3096 338 3170 molestam
358 3120 445 3184 esse,
468 3107 500 3166 et
517 3094 753 3190 ineptissimum
771 3094 869 3166 illud:
892 3093 974 3164 οὔτε
991 3117 1062 3164 τοο
1080 3093 1193 3166 κλύων
1211 3095 1290 3166 σάλ-

169 3235 301 3306 πιγγος.
328 3213 431 3286 ,Ηοοο
454 3212 560 3284 etitem
583 3213 798 3286 offensionem
817 3211 1041 3286 Meinekius
1058 3213 1149 3286 Anat.
1167 3241 1199 3311 p.
1218 3215 1291 3285 278

169 3331 305 3404 feliciter
322 3329 452 3403 sustulit
470 3331 696 3403 emendatione
713 3356 791 3402 suo:
815 3329 896 3402 οὔτε
913 3354 992 3402 που
1009 3330 1134 3420 κλύων,
1157 3330 1291 3402 alterum

171 3474 247 3538 vero
271 3474 335 3520 non
359 3448 494 3521 removit
517 3447 746 3520 difficultatem.
790 3449 984 3546 Proponons
1007 3449 1111 3520 enimi

425 3565 459 3638 τί
476 3564 563 3661 δῆτ’
583 3562 742 3660 ἄκλητος,
766 3563 841 3637 οὔθ’
862 3565 1102 3658 ὑπάγγελος

299 3683 451 3781 ταύτην
468 3683 637 3778 ἄφορμᾷς
650 3684 786 3775 πεζοον,
804 3683 874 3754 κτλ.

172 3805 257 3874 iusto
276 3802 446 3874 violentius
470 3801 502 3872 in
527 3800 674 3872 sanando
692 3799 824 3872 vulnere
843 3815 992 3874 vorsatus
1015 3813 1076 3874 ost.
1121 3800 1221 3875 lllulto
1247 3804 1296 3874 lu·

172 3922 267 3995 cilius
282 3921 343 3991 nisi
358 3919 451 3991 fallor
460 3919 564 3990 omnis
578 3917 700 3990 tollitur
713 3918 863 4011 offensio,
877 3921 905 3990 si
920 3919 1050 4013 quidem
1064 3917 1233 4016 proAKA
1243 3919 1295 3990 H·

176 4037 270 4112 Tou
296 4038 471 4136 scripseris
502 4035 629 4108 AKAI
635 4035 750 4126 1³00,
786 4062 851 4133 quo
882 4037 1039 4110 adiectivo
1070 4048 1103 4107 et
1128 4040 1297 4129 Aeschylus

1 4203 2 4218 .
62 4183 71 4203 ··
173 4183 253 4231 usus
278 4171 327 4229 est
355 4158 464 4228 Prom.
489 4154 601 4226 1036:
627 4155 705 4249 ἡμῖν
724 4154 791 4247 μὲν
804 4152 938 4251 Ἑρμῆς
958 4152 1023 4225 οὐκ
1044 4150 1202 4245 ἄκαιρα
1219 4152 1297 4249 φοί·

174 4301 267 4348 verm
286 4275 412 4367 λέγειν,
433 4289 464 4346 et
482 4275 663 4365 Euripides,
683 4287 716 4344 ut
734 4274 801 4371 lph.
818 4273 915 4344 Teur.
932 4273 1022 4343 419:
1039 4273 1159 4364 γνώμα
1178 4269 1299 4343 ἄκαι-
