2914 4820
225 553 522 628 Deindetttassss:
575 630 577 636 ,

325 677 464 763 πρῶτον
481 669 549 762 μὲν
567 667 752 767 εὐσέβειαν
770 667 812 738 ἐκ
827 666 963 758 πατρὸς
977 666 1089 736 κοίτιο

324 788 529 868 θανόντος
548 783 634 856 οἴσει
655 788 717 856 τοῦ
739 787 946 879 κασιγνήτοιο
964 783 1002 853 θ’
1015 783 1089 873 ἅμα

149 928 211 978 non
232 931 317 1002 nego
336 906 364 976 si
384 906 538 1002 scriptum
557 915 712 975 exstaret:
730 901 1071 981 κοίτοικεόθοντος
1083 913 1116 970 ut
1130 899 1211 971 Oed.
1228 901 1265 973 B.

147 1025 233 1113 968,
246 1022 297 1094 vel
310 1024 410 1093 κότον
423 1020 613 1102 ναίοντας
625 1033 659 1091 ut
673 1019 718 1090 ΕΙ.
733 1016 842 1106 1166,
860 1019 1020 1089 neminem
1034 1017 1098 1089 hoc
1112 1042 1176 1088 non
1191 1043 1268 1090 esse

147 1140 369 1236 probaturum.
393 1137 460 1210 Sed
476 1161 540 1208 noo
551 1137 645 1208 video
658 1136 775 1208 iustam
790 1157 933 1224 causam,
947 1159 1005 1206 cur
1019 1161 1057 1206 ea
1071 1158 1156 1232 quae
1171 1148 1267 1232 poeta

150 1257 291 1353 scripsit,
309 1253 526 1327 Meinekius
541 1252 633 1324 Anal.
651 1280 682 1350 p.
700 1255 773 1325 264
788 1277 838 1349 sq.
873 1250 1039 1349 Sophocle
1058 1253 1192 1350 indigna
1210 1253 1269 1324 ha-

151 1374 235 1444 beat.
272 1372 398 1444 Electra
417 1371 500 1442 enim
520 1370 670 1468 quoniam
690 1370 751 1440 hoo
769 1393 842 1440 cum
861 1369 998 1440 maxime
1015 1370 1094 1466 agit,
1118 1383 1151 1440 ut
1174 1394 1269 1442 soro·

148 1515 216 1562 rem
236 1491 277 1562 de
296 1488 402 1560 officio
420 1513 461 1559 ac
479 1489 599 1585 pietate
618 1488 649 1557 in
669 1500 794 1584 patrem
812 1499 971 1558 mortuum
991 1486 1175 1576 admoneat
1193 1513 1270 1584 gra-

148 1607 245 1678 vitate
269 1607 408 1704 quadam
428 1606 584 1677 orationis
603 1604 754 1678 consulto
772 1603 920 1702 quaesita
939 1616 1157 1675 commoratur
1175 1603 1269 1700 quasi

149 1724 183 1794 in
197 1723 338 1794 mortui
355 1722 519 1812 memoria,
538 1734 571 1792 ut
589 1721 713 1792 sororis
731 1721 839 1792 animo
857 1721 940 1792 haec
958 1721 1089 1818 penitus
1107 1721 1267 1818 infigatur.

152 1841 246 1937 Apud
263 1838 462 1937 Sophoclem
481 1854 570 1911 certe
589 1840 796 1910 vehementer
813 1839 992 1910 cavendum
1011 1853 1073 1929 est,
1097 1865 1138 1910 ne
1157 1841 1270 1936 exqui-

149 1960 233 2030 sitae
251 1958 406 2030 ubertatis
424 1957 571 2054 exempta
590 1957 788 2028 coniecturis
806 1957 1082 2028 inconsideratius
1104 1956 1267 2028 tollantur.

149 2075 234 2162 Quid
249 2070 364 2146 enim?
378 2087 516 2172 putasne
531 2075 637 2145 omnia
652 2074 734 2144 haec
748 2085 846 2170 poeta
860 2073 1008 2170 indigna:
1026 2073 1143 2144 Trach.
1162 2075 1270 2145 1161:
1343 2113 1344 2116 ¹

144 2189 252 2264 Ἅιδου
269 2189 437 2286 φθίμενος
457 2190 621 2287 οἰκήτωρ.
654 2190 703 2262 Αἰ.
719 2191 810 2263 517:
821 2187 934 2262 Ἅιδου
947 2187 1165 2282 θανασίμους
1176 2190 1269 2286 οἰκή-

154 2326 269 2401 τορας.
300 2309 383 2381 Oed.
403 2308 471 2380 Col.
496 2310 614 2382 1576:
635 2308 806 2401 νερτέρας
827 2313 961 2401 νεκρῶν
982 2309 1127 2391 πλόκος.
1157 2311 1270 2383 1563:

151 2427 213 2498 τὰν
237 2430 422 2522 παρκενθῆ
446 2428 560 2497 κότον
586 2432 746 2519 νεκρῶν
772 2427 898 2498 πλάκα.
932 2426 1006 2497 Ant.
1031 2427 1119 2500 197:
1151 2425 1175 2497 ἃ
1202 2429 1273 2508 τοῖς

151 2543 306 2636 ἀρίστοις
325 2539 467 2638 ἔρχεται
488 2544 600 2615 κιίτιο
624 2547 796 2636 νεκροῖς.
821 2545 861 2616 ct.
882 2549 921 2616 όι
940 2548 1042 2615 utrm.
1063 2562 1146 2616 orat.
1168 2547 1266 2638 Soph.

151 2662 188 2732 Ρ.
204 2661 239 2733 ΙΙ.
256 2687 286 2758 pr
302 2663 318 2731 1
337 2685 388 2757 sq.
416 2659 538 2732 Similia
554 2660 637 2734 haec
650 2674 725 2732 sunt
739 2650 920 2757 Euripidis:
939 2662 1129 2736 iontem:
1147 2657 1187 2730 ὃν
1198 2685 1269 2731 κοι-

155 2778 202 2847 rot
227 2776 303 2870 γᾶς
326 2776 487 2870 ἐνέρων
507 2763 681 2872 χθόνιον
703 2777 795 2866 μετὰ
816 2775 1047 2871 Περσεφόνας
1071 2779 1101 2846 τ’
1125 2775 1270 2849 ἐθόκοινν

155 2893 267 2966 ναίειν.
302 2895 409 2968 Orest.
433 2896 527 2966 674:
554 2894 611 2966 τὸν
633 2894 740 2965 κατὰ
764 2892 923 2990 χθονὸς
944 2894 1110 2966 θανόντ’
1131 2895 1270 2966 ἀκούειν

152 3012 238 3082 τόόε
254 3011 360 3100 δόκει.
388 3053 433 3064 -—

229 3246 321 3319 Oed.
342 3248 379 3320 R.
401 3247 490 3320 658:

330 3361 371 3437 εό
391 3387 448 3436 νιιν
466 3362 607 3452 ἐπίστια,
625 3365 723 3437 ταῦθ’
739 3363 823 3435 ὅταν
840 3365 982 3460 ζητῇς,
1005 3364 1085 3457 ἐμοὶ

329 3481 460 3578 ζητῶν
481 3479 631 3574 ὄλεθρον
652 3483 675 3578 ἢ
697 3483 811 3578 φυγὴν
833 3480 875 3553 ἐκ
892 3469 1000 3579 τῆσδε
1021 3489 1095 3578 γῆς.

154 3601 244 3672 Haac
259 3624 333 3671 cum
347 3599 495 3697 Oedipus
513 3599 614 3671 choro
633 3600 842 3698 respondeat,
859 3600 941 3696 „qui
956 3599 997 3670 ab
1012 3599 1065 3670 iiio
1080 3614 1272 3697 precatus

153 3731 234 3808 erat,
261 3729 295 3788 ut
320 3741 362 3788 ne
388 3717 521 3788 incertis
547 3705 589 3788 de
616 3719 758 3790 Creonte
784 3717 1021 3813 suspitionibus
1047 3716 1272 3814 indulgeret,“

152 3833 372 3906 Meinekius
390 3833 482 3906 Anat.
499 3861 531 3932 p.
549 3834 633 3906 234.
652 3835 814 3906 existimat
832 3835 1040 3906 scribendum
1059 3855 1155 3907 esse:
1171 3834 1270 3906 ταῦθ’

152 3949 236 4022 όταν
253 3950 415 4047 χρῄζῃς
433 3952 516 4038 κτλ.;
540 3952 651 4047 ζητεῖν
673 3953 761 4024 enim
779 3955 956 4045 „poscendi
972 3956 1023 4023 oct
1035 3956 1165 4046 petendi
1181 3978 1274 4024 seusu

153 4073 195 4142 ab
218 4071 396 4140 Atticorum
418 4093 478 4140 ιιιιι
501 4074 641 4142 otiorum
664 4070 760 4142 asse.“
799 4069 840 4140 At
862 4095 904 4142 ne
928 4069 1034 4143 dicam
1058 4070 1188 4167 infringi
1210 4070 1273 4141 heo

153 4187 339 4258 coniectura
359 4187 421 4257 vim
444 4189 635 4279 sententiae,
658 4211 743 4284 qnae
762 4186 870 4285 posita
888 4187 1047 4286 imprimis
1064 4199 1117 4260 est
1133 4187 1165 4258 in
1185 4188 1273 4260 eius-

153 4303 227 4376 dem
251 4305 339 4374 verbi
367 4305 575 4403 repetitione:
602 4329 643 4374 ne
666 4329 750 4400 opus
774 4303 906 4401 quidem
930 4303 1156 4374 videturesse
1182 4327 1273 4399 pre·

1070 4434 1102 4485 1·
