2914 4820
188 325 236 392 48

190 542 251 612 bus
281 538 634 613 Schneidewinus
663 541 816 638 praesidii
846 541 919 613 ioco
950 542 1109 630 utebatur,
1137 541 1219 612 Oed.
1240 539 1309 612 Coi.

191 661 306 730 1720:
324 654 471 728 ἔλυσεν
489 658 527 729 τὸ
546 658 667 740 τέλος
679 658 769 756 βίον.
788 659 870 731 Oed.
887 659 922 731 11.
942 659 1054 731 1530:
1068 656 1147 759 πμλν
1161 657 1205 729 ἂν
1217 657 1312 750 τέρ-

184 800 244 868 μα
259 779 319 848 τοῦ
338 773 418 873 βίου
434 775 615 871 πεμοίσῃ,
637 777 787 872 idemque
801 777 974 847 dicendum
986 777 1029 848 de
1043 775 1093 847 his
1108 790 1173 847 estt
1191 775 1309 848 Traeh.

194 896 308 965 1171:
333 889 467 988 ἔφασκε
488 893 636 988 μόχθων
661 899 729 964 τῶν
755 892 964 988 ἐφεστώτων
990 890 1069 985 ἐμοὶ
1092 893 1218 964 λύσιν
1244 915 1312 964 τε·

188 1010 354 1082 λεῖσθα
365 1013 385 1080 ι.
411 1007 485 1080 Eur.
502 1009 548 1080 Ei.
566 1009 657 1082 956:
676 1007 755 1101 τιμῖν
772 1009 815 1080 ἂν
832 1009 933 1091 τέλος
947 989 1112 1111 γραμμῆς
1126 1009 1238 1106 ἵκηται
1254 1007 1313 1080 καὶ

189 1126 327 1220 πέμας
340 1127 484 1225 κάμψῃ
499 1125 590 1226 βίον.
605 1127 701 1223 Hipp.
712 1129 777 1198 87:
790 1126 963 1208 τέλοςόὲ
976 1126 1310 1224 κάμῴαιμ’ὥοτιεμ

191 1245 355 1341 ἠρξάμην
377 1244 468 1342 βίον.
503 1241 885 1342 Cia.·p.1ttur.‘16,34:
908 1243 1113 1339 noqueo‘er'o'
1130 1247 1196 1316 eius
1218 1248 1313 1316 betti

190 1365 472 1456 conficiendum
499 1366 764 1435 emitum‘tunto‘
784 1366 890 1435 suedie
914 1366 1054 1456 populus
1075 1363 1240 1434 Romanus
1267 1367 1312 1434 ud

193 1483 252 1552 Cu.
272 1483 460 1574 Pompeium
483 1483 658 1568 detulissem
686 1503 752 1576 quo
771 1481 902 1577 quidem
919 1480 1040 1578 insigni
1056 1494 1171 1552 ornatu
1186 1481 1311 1552 ¹oratio·

189 1623 264 1670 nem
280 1598 394 1670 Cicero
414 1625 454 1670 eo
473 1597 610 1670 oonsilio
628 1597 806 1687 illustravit,
825 1610 859 1669 ut
875 1597 1009 1671 Lucullo
1027 1598 1236 1688 blandiretur,
1254 1599 1310 1695 qui

191 1741 297 1813 prope
324 1709 410 1787 ‘nihil'
429 1717 490 1787 nisi
517 1717 659 1788 exitum
685 1714 778 1788 beili
797 1701 961 1814 'Pompeio
987 1716 1184 1814 reliquisset.
1214 1715 1308 1788 ·Non

191 1811 400 1930 reponuntur
416 1833 513 1930 igitur
530 1859 615 1930 quae
632 1833 726 1930 paria
744 1833 864 1904 dixeris
882 1833 1077 1932 Sophooieis
1096 1831 1170 1923 iliis,
1193 1844 1309 1904 utnon

192 1952 309 2022 mirum
332 1952 385 2041 sit,
408 1950 639 2057 Meiuekium
663 1975 793 2048 quoque
816 1954 927 2042 (nnat.
942 1978 975 2050 p.
993 1951 1083 2050 289)
1102 1951 1309 2023 coniecturae

189 2068 371 2167 perieulum
390 2069 522 2141 fecisse.
558 2069 627 2144 Neo
649 2085 756 2142 tamen
779 2055 949 2167 prehabito
971 2081 1032 2158 est,
1054 2069 1142 2166 quod
1160 2069 1215 2140 hie
1232 2093 1310 2165 pro·

194 2188 317 2284 posuit:
344 2187 506 2283 τελεοτὴν
532 2191 592 2258 τοῦ
620 2187 699 2285 βίον
726 2187 845 2280 μέλλει
869 2189 993 2259 λύειν
1001 2186 1308 2284 ,μενεῖεοιειοιμιε
1445 2191 1446 2198 ’

191 2305 278 2400 quod
305 2303 481 2375 Nauokio'
505 2305 660 2376 occurrit:
681 2304 800 2395 μέλλει
826 2311 973 2397 πεμᾶν,
1001 2304 1067 2375 nisi¹
1090 2303 1203 2376 meiius
1229 2328 1308 2401 sup·

83 2493 86 2502 ,
193 2421 353 2518 peditaret
366 2419 496 2491 Pindari
511 2420 587 2491 ittud
602 2420 728 2518 Olymp'.
739 2419 820 2512 1111,
834 2420 898 2494 575
912 2420 1085 2517 ἐδόκησαν
1104 2443 1149 2476 ’-·
1167 2421 1308 2516 μαχᾶν

190 2536 356 2629 τέμνειν
374 2537 502 2619 τέλος.
537 2539 629 2624 Quae
648 2538 674 2608 si
694 2538 767 2634 quis
786 2539 1050 2629 consideraverit,
1067 2564 1132 2610 non
1151 2538 1309 2610 dubitabit

190 2654 320 2752 opinor,
334 2655 411 2753 quin
426 2653 603 2753 Sophoclei
622 2654 684 2727 ioci
703 2656 786 2728 haec
804 2655 846 2726 sit
863 2655 1044 2728 emendatio
1062 2655 1244 2752 aptissima:

319 2771 410 2868 ὡςῆ
430 2772 593 2869 τελευτὴν
610 2776 671 2844 τοῦ
685 2773 766 2871 βίον
780 2772 899 2864 μέλλει
916 2776 1084 2866 τεμεῖν,
1102 2773 1171 2846 κτλ.
1314 2873 1316 2878 ι

82 3071 87 3078 .
190 3005 340 3078 Deianira
366 3005 452 3078 lolen
479 3007 528 3078 sie
554 3008 728 3105 alloquitur

265 3123 325 3195 Tr.
343 3124 431 3197 307:
448 3123 480 3196 ὦ
498 3126 719 3214 ὃτνοτάλαινα,
738 3124 788 3208 τίς
801 3126 879 3198 τοτ’
895 3123 933 3198 εἷ
944 3127 1130 3218 reuredum}

449 3241 624 3337 ἄνανδρος
639 3245 662 3340 ἢ
681 3248 844 3326 τεκοῦσα;
863 3244 953 3336 σμὸς
963 3247 1031 3338 μὲν
1048 3247 1117 3340 γὰρ
1134 3248 1234 3342 φύσιν

448 3362 612 3432 πάντων
630 3359 779 3454 ἄπειρος
794 3363 914 3452 τῶνδε,
933 3364 1072 3456 γενναία
1090 3363 1132 3436 δέ
1149 3387 1207 3446 τις.

188 3478 278 3550 Haeo
300 3503 365 3549 non
390 3477 463 3549 siue
491 3502 591 3550 eausa
606 3479 751 3550 miratus
777 3476 995 3551 Meinekius
1022 3485 1131 3570 (duel.
1156 3510 1189 3581 p.
1214 3483 1304 3574 292]

187 3599 270 3689 „oie
293 3599 440 3689 repat-ies,
469 3595 581 3691 inquit,
598 3619 720 3666 *eorum
743 3599 798 3688 qui
821 3601 982 3670 emendate
1004 3603 1093 3694 loqui
1115 3605 1305 3693 didicerunt,

188 3715 244 3806 qui
266 3713 400 3785 πάντα
420 3731 456 3784 ιιι
479 3716 539 3784 λοσ
561 3715 630 3812 loco
650 3717 694 3802 (v.
712 3712 802 3802 309)
822 3719 944 3810 [uotum
967 3733 1020 3806 ιιι,
1042 3721 1169 3809 ἀλαοῖο,
1187 3724 1305 3793 ubido

187 3823 355 3902 duodus
376 3835 499 3903 rebus
520 3848 631 3901 sermo
646 3832 777 3901 iniectus
798 3837 875 3903 eat.“
913 3831 1066 3906 Nimirum
1084 3833 1196 3909 πάντα
1219 3829 1304 3909 τάδε

188 3946 265 4017 nihii
282 3946 369 4019 aliud
387 3946 550 4044 signifieat
568 3921 629 4020 nidi
653 3948 756 4019 τέκνα
779 3951 888 4022 τεκεῖν
909 3948 969 4020 καῖ
988 3955 1185 4046 γαμεῖσθαι,
1209 3959 1303 4056 quasi

186 4087 264 4136 vero
288 4077 458 4162 utrumque
482 4091 565 4163 opus
590 4067 632 4138 sit
653 4069 911 4159 commemorari,
934 4093 974 4142 ac
997 4096 1060 4141 non
1084 4075 1173 4170 quod
1191 4075 1222 4146 in
1241 4075 1304 4148 hae

186 4205 286 4253 eausa
305 4182 528 4275 gravissimum
546 4197 598 4256 est
615 4183 695 4256 satis
713 4184 756 4256 sit
774 4206 886 4256 unum:
898 4185 1000 4257 τέκνα
1015 4193 1132 4263 τεκεῖν.
1159 4194 1304 4291 1neptum

185 4299 282 4393 igitur
294 4299 433 4373 πάντων
448 4343 491 4352 -
509 4303 636 4374 troade:
652 4327 714 4374 nee
728 4328 804 4374 vero
823 4301 954 4373 muitum
973 4305 1139 4399 proficitur
1152 4309 1301 4383 Mainekii
