2900 4834
166 250 215 318 88

168 458 275 536 Prom.
298 465 362 536 33:
386 455 535 547 πολλοὺς
555 467 588 538 (λ’
610 466 845 560 ὀόυρμοός
864 466 923 540 καὶ
944 465 1292 561 γόουςάνωφελεῖς

167 580 321 676 peterten.
350 585 442 655 Pers.
460 585 549 658 705:
570 585 840 678 κλαυμάτων
856 587 992 682 λήξασα
1010 585 1120 655 τῶνόε
1137 582 1196 654 καὶ
1213 585 1290 679 γό-

167 723 226 770 ων.
274 703 382 786 Quare
400 702 489 799 quod
507 703 641 800 saepius
659 704 776 776 lactum
796 717 846 776 est
865 703 928 775 lroo
946 727 1076 800 quoque
1099 702 1290 776 Heraclida·
1436 717 1437 726 ’

134 883 136 886 ,
167 843 237 887 rum
256 815 330 890 loco
348 819 510 892 accidisse
529 819 605 893 licet
623 822 795 920 suspicari,
818 835 852 894 ut
868 821 995 916 λόγους
1014 844 1186 918 perperam
1205 821 1290 893 scri-

97 941 107 954 *
167 934 298 1006 beretur
316 956 395 1034 pro:
860 1005 863 1010 .

320 1053 362 1149 ἢν
381 1053 413 1124 d'
430 1052 482 1136 εἷς
495 1055 622 1150 γόους
637 1079 675 1128 τε
691 1054 751 1126 καὶ
768 1055 810 1126 τά
829 1055 931 1128 τῶνδ’
946 1054 1143 1149 οόττόνρατα

230 1251 238 1262 ,
316 1171 459 1270 βλέψας
473 1171 754 1269 πεπανόῇςςκτλ.

133 1282 136 1290 ’
167 1285 234 1362 Sed
254 1314 294 1361 ne
313 1291 477 1382 reticeam,
497 1293 584 1390 quod
603 1292 756 1365 librorum
776 1293 971 1391 scripturam
989 1292 1069 1365 tueri
1089 1291 1290 1368 videatur:a

168 1408 403 1482 consuetudine
421 1433 479 1481 sua
499 1424 626 1504 poetam
645 1411 698 1484 hic
716 1411 901 1484 declinasse
915 1425 948 1484 et
961 1436 1036 1482 vere
1048 1409 1175 1502 λόγους
1185 1411 1291 1505 scrip-

167 1525 265 1612 sisse,
291 1551 331 1597 ex
357 1552 397 1598 eo
425 1527 558 1600 forsitan
585 1530 692 1626 possit
718 1528 838 1626 colligi,
865 1530 953 1627 quod
980 1526 1137 1600 vocabula
1163 1527 1218 1600 illa
1245 1530 1290 1600 ita

167 1642 381 1734 seiunxit,
405 1643 727 1738 utoixtlopara
745 1660 907 1744 tamquam
932 1647 1135 1718 oratione
1158 1647 1289 1745 gravius
1436 1663 1437 1714 ἕ

166 1758 288 1858 aliquid
307 1763 477 1860 magisque
495 1745 646 1836 idoneum
665 1765 706 1837 ad
726 1765 980 1837 misericordiam
995 1764 1083 1862 regis
1097 1765 1289 1836 movendam

167 1879 306 1952 efferret.
335 1880 394 1964 llio
413 1880 508 1978 igitur
526 1901 599 1953 oum
618 1907 699 1955 sane
716 1883 759 1954 sit
775 1883 960 1979 ambigendi
979 1882 1288 1971 locus5vocabulum

166 1996 252 2091 γόος
267 2024 327 2094 pro
346 2010 435 2072 certe
453 1999 578 2074 allirmo
596 2001 796 2074 exturbatum
815 2017 890 2073 e'sse

243 2114 379 2214 Suppl.
404 2118 464 2206 92,
490 2145 555 2215 quo
583 2117 656 2190 loco
680 2119 828 2190 Theseus
854 2120 988 2190 miratus
1015 2107 1289 2206 lamentationem,

29 2218 37 2228 ’
148 2259 263 2330 -quam
283 2235 423 2331 percipit
441 2262 468 2305 v.
486 2237 549 2307 87:

319 2349 416 2423 τίνων
434 2353 530 2445 γόον
548 2353 578 2424 τ’
595 2354 730 2450 ἥκουσα
747 2352 806 2426 καὶ
823 2353 977 2446 στέρνων
994 2355 1121 2426 κτύπον

319 2475 451 2562 νεκρῶν
468 2463 511 2540 τε
524 2473 682 2568 θρήνους
695 2472 763 2562 κτλ.

95 2658 98 2665 ,
167 2587 233 2679 [sic
256 2587 341 2659 enim
365 2590 616 2677 emendaverim
640 2617 724 2690 quae
743 2592 773 2662 in
794 2590 885 2664 libris
903 2604 1057 2689 corrupta
1076 2601 1221 2664 exstant:
1246 2587 1288 2659 τί·

167 2730 235 2777 νων
257 2707 364 2800 γόων
388 2709 523 2804 ἤκουσα
545 2710 643 2802 κτλ.],
671 2711 785 2782 eodem
806 2709 949 2783 clamore
968 2711 1083 2781 iterum
1101 2709 1211 2781 audito
1229 2707 1289 2779 ait:
1436 2799 1437 2808 γ

248 2913 251 2919 .
318 2825 354 2896 τί
368 2834 493 2923 χρῆμα
500 2832 519 2914 ,·’
535 2828 658 2910 καινάς
681 2827 844 2928 εἰσβολὰς
866 2830 942 2921 opo
967 2828 1118 2920 λόγων.

166 2945 245 3013 Cum
264 2969 341 3015 vero
361 2969 423 3014 non
443 2959 507 3016 tum
527 2945 656 3016 verba
676 2970 772 3042 quam
790 2958 989 3043 questum
1007 2930 1286 3042 percipiatpvides

166 3075 287 3157 quanto
305 3059 427 3133 sithoc
446 3061 584 3134 rectius:

319 3179 353 3252 rt
368 3187 508 3276 χρῆρα;
534 3179 658 3261 καινάς
681 3177 845 3278 εἰσβολάς
866 3182 942 3272 όρῶ
968 3179 1105 3273 γόων;

166 3299 359 3396 praesertim
378 3323 451 3371 cum
474 3298 763 3371 commendationis
786 3298 908 3397 aliquid
930 3301 1068 3371 aflerant
1092 3298 1174 3369 haec
1193 3296 1287 3367 Euri·

167 3417 254 3514 pidia
278 3417 345 3487 lon.
367 3416 440 3488 676
464 3437 534 3514 sq.:
557 3419 632 3509 όρῶ
655 3418 793 3510 όάκροα
815 3417 875 3488 καὶ
897 3415 1087 3508 πενθίμους
1106 3414 1289 3507 ἀλαλαγὰς

165 3535 491 3627 στεναγμάτων
519 3533 548 3604 τ’
575 3533 802 3631 εἰσβολάς.
831 3536 871 3606 ol.
892 3534 961 3630 lph.
984 3532 1053 3603 Aul.
1073 3533 1182 3604 llOl:
1204 3530 1284 3601 πολ-

164 3652 230 3732 tu<
246 3651 333 3722 ἱεῖσα
347 3650 590 3748 μεταβολάς
608 3651 830 3745 όόυρμάτω
840 3677 866 3723 ν.
901 3652 946 3723 De
965 3651 1176 3748 permixtione
1195 3649 1287 3723 deni·

167 3796 231 3868 que
250 3768 478 3841 vocabulorum
502 3770 626 3862 λόγος
646 3783 679 3842 et
701 3771 801 3863 γόος
822 3770 907 3842 addo
931 3795 1016 3868 quae
1040 3765 1157 3841 solrol.
1184 3768 1288 3838 adnn-

157 3870 242 3961 ‘ravo
259 3889 300 3960 aa
319 3886 422 3984 soph.
440 3886 590 3980 utare:
609 3889 731 3984 (ρήσει
753 3889 876 3982 μου·
900 3909 963 3981 γρ.
979 3885 1038 3958 κω
1059 3887 1201 3979 λόγων.
1240 3885 1287 3955 aa

165 4023 255 4078 rente
273 4005 445 4102 lioechly
464 4031 523 4103 pro
541 4006 644 4099 λόγου
663 4006 741 4102 lplr.
758 4005 864 4077 Taur.
881 4008 955 4077 240
973 4005 1120 4101 scripsit:

319 4123 352 4196 τί
373 4123 405 4194 d'
431 4120 502 4194 ἔστι
528 4128 588 4194 τοῦ
616 4123 790 4215 παρόντος
814 4122 1007 4219 ἐκπλῆσσον
1033 4123 1162 4215 γόους

230 4243 365 4322 „Rursus
388 4241 489 4334 γόος
510 4241 668 4312 interdum
693 4241 723 4311 in
747 4241 917 4313 codicibus
942 4255 1002 4331 est,
1027 4241 1079 4312 ubi
1104 4241 1285 4314 sentcntiae
