2914 4820
166 291 223 382 aa

88 616 93 628 Ι
167 535 317 627 φανῆναι
343 528 442 624 αὐτῷ
466 530 531 602 δύο
557 533 721 623 χυναῖιιας
745 529 900 624 προῖἑναι
921 532 1094 625 μεγάλας,
1127 531 1188 628 την
1215 530 1282 622 μὲν

168 647 294 741 ἑτέραν
321 646 512 746 εὐπρεπῆ
540 672 578 720 τε
604 648 710 722 ἰδεῖν
728 649 787 722 καί
801 648 1014 742 ,ἐλευθέριον
1037 650 1122 722 κτλκ
1139 651 1189 721 ad
1213 673 1281 722 rom

168 767 304 839 maxime
317 769 595 844 accommodatum
608 782 669 840 est.
703 769 838 867 Accedit
855 767 917 841 alia
935 768 1031 848 huius
1049 769 1282 842 emendationis

92 925 95 933 ¹
167 886 414 977 commendatio,
432 887 538 985 posita
557 886 609 978 illa
628 888 758 986 quidem
776 889 808 959 in
826 887 1039 986 permixtione
1052 887 1282 960 vocabulorum

168 1004 353 1102 εὐπρεπής
368 1019 400 1079 et
418 1005 566 1104 εὐγενής
581 1009 667 1080 haud
684 1008 894 1106 infrequenti3
914 1007 1002 1080 velut
1019 1005 1122 1104 Soph.
1139 1007 1178 1078 tr.
1194 1007 1283 1078 779:

168 1125 295 1216 λάμπει
320 1125 390 1219 χὰρ
416 1123 454 1196 ἐν
475 1126 643 1221 χρείαισιν
669 1127 791 1218 ὥσπερ
818 1124 1035 1221 εὐπρεπὴς
1052 1124 1184 1220 χαλκίς
1206 1124 1284 1196 Piu-

168 1243 299 1316 t‘archus
317 1241 396 1316 Mor.
411 1271 445 1342 p.
463 1245 570 1320 1129.
587 1247 621 1317 C.
641 1245 771 1318 exhibet
793 1243 975 1340 εὐχενής
989 1244 1138 1338 χαλκίς..
1171 1244 1283 1340 Neque

167 1363 199 1433 in
218 1387 259 1434 eo
278 1363 435 1453 offendes,
449 1361 713 1460 εὐπρεπεστάτη
727 1363 791 1435 dici
811 1387 875 1433 non
892 1362 1049 1435 adiuncto
1063 1362 1203 1450 nomine,
1216 1387 1282 1460 quo

167 1483 253 1554 ratio
272 1483 491 1579 praestantiae
506 1483 690 1554 accuratius
708 1482 920 1554 describatur.
953 1481 1077 1553 Etenim
1091 1505 1176 1579 quae
1189 1496 1282 1553 ante·

70 1639 76 1656 ι
169 1600 307 1672 cedunt:
338 1595 479 1695 ἔρχεται
506 1599 578 1671 νέα
604 1601 809 1693 πρόσωπα
834 1599 1093 1672 καλλύνουσα
1117 1597 1177 1670 καί
1200 1595 1283 1696 πλη-

164 1718 344 1816 ρουμένη,
366 1719 506 1792 dilucide
538 1699 713 1808 declarant,
743 1721 886 1812 corporis
917 1719 1095 1816 significari
1125 1711 1282 1790 summurn

169 1835 453 1936 pulchritudinem
471 1839 699 1936 praetereaci.
716 1837 788 1908 Eur.
805 1836 851 1908 Ei.
868 1837 951 1910 951:
969 1837 1011 1908 τδ
1027 1837 1096 1930 χδρ
1115 1835 1206 1907 τέκν’
1223 1835 1282 1910 οὐ·

168 1963 236 2028 τῶν
244 1953 369 2049 Ἄρεος
388 1955 669 2050 ἐκκρεμάννυται,
692 1955 790 2026 οὐδ’
812 1953 1003 2052 εὐπρεπῆ
1025 1955 1071 2052 δὴ
1094 1953 1282 2046 zamoren

164 2079 287 2173 χοροῖς
302 2077 419 2169 μόνον.
452 2076 519 2175 iph.
540 2074 610 2146 Aut.
634 2075 723 2148 386:
750 2074 819 2146 ἀλλ’
842 2073 880 2146 ἐν
903 2074 1071 2168 ἀγκάλαις
1091 2073 1280 2170 εὐπρεπῆ

57 2191 59 2198 ’
167 2197 310 2287 γυναῖκα
335 2196 488 2291 χρῄζεις,
520 2193 557 2265 τὸ
587 2192 824 2287 λελοχισμένον
855 2191 983 2285 παρεὶς
1009 2191 1067 2266 καὶ
1097 2190 1136 2263 τὸ
1166 2191 1282 2277 καλόν,

169 2309 275 2407 ἔχειν,
314 2313 384 2384 Non
410 2337 493 2410 opus
517 2313 614 2409 igitur
638 2325 698 2400 est,
722 2312 764 2383 de
787 2337 852 2409 quo
876 2311 947 2408 ipsa
970 2311 1164 2409 cogitabam,
1183 2311 1285 2382 corri-

169 2450 263 2529 gere:
276 2430 466 2525 χῶτανπερ
484 2427 628 2526 αἴχλην
646 2419 912 2525 εὐπρεπεστάτη
930 2435 1037 2524 φανῇ,
1055 2427 1095 2501 cl.
1112 2429 1204 2500 Hom.
1221 2427 1283 2502 Od.

169 2551 205 2634 4,
218 2549 281 2622 45':
300 2548 353 2632 ὥς
366 2571 404 2620 τε
421 2549 490 2642 χδρ
508 2547 626 2646 ἠελίου
644 2544 762 2643 αἴχλη
781 2546 886 2619 πέλεν
902 2546 949 2643 ἠὲ
965 2548 1155 2644 σελήνης,
1169 2547 1283 2645 Hymu.

170 2668 229 2760 32,
248 2668 285 2740 3:
314 2666 454 2764 Μήνην
479 2666 609 2739 ἀείδειν
633 2665 878 2759 τανοσιπτερον
902 2663 1041 2756 ἔσπετε,
1064 2665 1209 2756 Μοῦσαι,
1238 2693 1284 2718 -ε

169 2787 221 2882 ἧς
240 2785 312 2858 ἄπο
335 2783 453 2883 οἵχλη
478 2789 578 2880 χαῖον
599 2785 770 2858 ἑλίσσεται
793 2783 1065 2877 οὐρανόδεικτος.
1094 2785 1138 2857 lb.
1154 2786 1189 2859 5.
1209 2785 1282 2856 Eur.

169 2901 283 3002 Suppl.
308 2905 400 2976 990:
427 2904 461 2975 τί
481 2903 621 2999 ρὲχχος,
648 2904 707 2976 τίν’
730 2901 874 2997 αἴχλαν
901 2903 1066 3000 ἐδίφρευε
1090 2902 1166 2974 τόδ’
1192 2902 1289 2984 ἅλιος

169 3020 338 3094 σελάνα
363 3045 401 3092 τε
425 3021 503 3093 κατ’
524 3020 665 3114 αἰθέρα.
697 3019 918 3112 ,ὃοίιυείοα
943 3021 1048 3094 Melet.
1073 3021 1143 3094 crit.
1167 3047 1200 3119 p.
1225 3021 1283 3094 33.

169 3139 369 3213 Wernicke
387 3140 429 3212 ad
444 3139 620 3238 Tryphiod.
636 3166 669 3238 p.
686 3141 747 3212 80.
767 3138 877 3246 Vatcr
894 3141 936 3212 ad
954 3139 1051 3214 Rhea.
1073 3168 1105 3239 p.
1127 3141 1210 3213 203.
1236 3181 1280 3198 -ν

170 3261 217 3332 De
240 3260 423 3358 genetivo
445 3271 551 3330 autem
571 3257 627 3330 iilo
646 3258 847 3355 pronominis
865 3259 1018 3349 redexivi,
1040 3261 1096 3360 qui
1114 3260 1287 3358 superlati·
1393 3309 1395 3314 -

170 3379 218 3450 vis
241 3377 317 3450 addi
341 3377 489 3484 soictsad
514 3403 670 3450 summam
697 3378 745 3450 rei
770 3377 1002 3475 perfectionem
1029 3377 1286 3476 significandam,

170 3498 210 3570 cf.
227 3497 301 3569 Eur.
322 3497 359 3568 fr.
379 3497 462 3585 183,
486 3495 523 3571 3:
546 3493 596 3566 i'r’-
612 3493 723 3578 αὐτὸς
740 3497 868 3570 αὑτοῦ
891 3498 1049 3592 τοχχάνει
1068 3483 1289 3596 βέλτιστος

170 3615 230 3688 ὤν.
251 3615 409 3714 Sauppe
426 3615 468 3687 ad
486 3611 570 3686 Xen.
592 3615 714 3686 Comm.
737 3613 758 3714 i,
778 3617 812 3705 2,
831 3615 890 3688 46.
926 3614 1101 3688 Classen.
1121 3617 1163 3687 ad
1182 3615 1283 3688 Thuc.

171 3733 240 3826 Ι,8,
255 3734 288 3805 3.
309 3731 439 3806 Matth.
456 3735 511 3808 Gr.
529 3733 584 3804 Gr.
599 3737 630 3822 S.
647 3729 731 3804 460.
752 3731 941 3832 Krueger.
958 3735 1012 3808 Gr.
1029 3740 1061 3823 5.
1078 3735 1137 3806 49.
1154 3733 1187 3806 9.
1204 3747 1236 3804 et
1250 3732 1282 3804 3.

577 4125 874 4155 w—
