2900 4834
179 323 227 394 90

255 540 391 613 Nuntius
405 540 581 614 Alcmenae
598 566 638 614 ea
656 553 856 630 narraturus,
869 567 955 638 quaa
969 541 1075 614 loiaus
1093 554 1194 614 saner
1212 540 1307 612 iuve-

86 749 89 760 .
178 657 233 732 nili
254 657 373 738 robore
391 659 542 756 gesserit,
561 660 644 732 haec
662 660 708 745 ait

256 776 515 850 Heracleat:
728 757 1148 874 zaeafaaa’aaaaaav

331 894 462 988 λέγοιμ’
479 895 524 968 δν
541 894 665 987 ἄλλων,
681 897 809 988 δεῦρο
826 869 860 967 δζ
877 895 984 978 αδτδς
999 894 1146 982 εἰσιδών,

180 1013 211 1083 in
232 1013 349 1111 quibus
368 1039 386 1083 a
407 1013 493 1085 nulio
513 1015 601 1110 quod
620 1015 719 1085 seiam
739 1015 899 1084 offensum
916 1027 968 1085 est
986 1014 1047 1085 nisi
1068 1037 1087 1084 a
1106 1011 1304 1102 Klotzio,

119 1223 122 1234 k
180 1131 234 1228 qui
260 1130 428 1226 repudiata
451 1130 688 1202 Kirothottit
711 1130 899 1202 coniectura
922 1134 1034 1219 „illud
1053 1156 1165 1219 onum,
1187 1131 1303 1228 inquit,

180 1273 230 1322 tae
242 1251 277 1318 ia
290 1251 452 1340 scriptore
465 1275 548 1342 quoa
560 1273 645 1320 aare
659 1252 699 1320 οδ
714 1250 887 1322 editoribus
901 1249 1006 1340 propa
1018 1250 1163 1318 οοιοδδοο
1175 1267 1304 1340 recepto

176 1383 237 1454 ast,
264 1368 404 1462 offendit,
431 1371 521 1460 qood
539 1392 605 1440 noo
628 1382 695 1438 tam
716 1369 785 1452 ilio,
809 1391 891 1457 qaae
912 1389 1010 1458 usqae
1034 1369 1140 1436 artua
1162 1383 1304 1436 narrata

55 1535 59 1542 ·
180 1500 274 1574 raat-
287 1486 410 1556 maiore
432 1466 669 1557 οδνδυονοοίοοο
693 1487 914 1578 confirmando
936 1509 998 1554 essa
1015 1487 1186 1556 videantur
1203 1509 1303 1576 qaam

181 1628 230 1691 aa,
249 1622 330 1695 qaae
348 1604 415 1676 iam
434 1606 576 1676 dicturas
594 1604 644 1694 ait,
661 1599 802 1676 ur‘taaa
812 1603 911 1674 seiam
925 1626 969 1672 oa
982 1603 1095 1674 oitiirm
1108 1603 1205 1672 etiam
1215 1625 1304 1672 aare

50 1761 55 1770 -
180 1723 215 1794 in
238 1724 286 1794 tris
307 1724 409 1794 verbis
433 1725 542 1809 lateat,
564 1724 627 1794 nisi
646 1726 732 1815 torta
754 1724 813 1792 troc
835 1722 936 1792 voluit
956 1722 1089 1790 nuntias
1110 1720 1304 1818 siyaifiaora

180 1840 241 1912 sibi
257 1841 319 1930 ipsi
337 1863 418 1932 quoe
435 1853 649 1930 sequerentur,
666 1839 868 1912 incredibilia
884 1837 1020 1910 viderit
1054 1834 1103 1908 Aa
1121 1850 1211 1908 recta
1229 1836 1304 1932 qui-

182 1956 256 2027 dem
274 1955 389 2056 vitiosa
408 1980 483 2028 esse
503 1955 555 2026 iiia
575 1956 675 2027 nuntii
694 1954 792 2027 verba
810 1954 956 2025 Klotzius
974 1953 1089 2044 sensit,
1110 1953 1301 2026 hortamen

181 2075 287 2144 minus
305 2087 395 2148 reete
414 2074 614 2164 existimavit,
628 2074 796 2146 dubitasse
810 2072 910 2146 rideri
932 2071 1111 2144 ministrum
1123 2071 1171 2142 -de
1189 2095 1303 2142 eorum

153 2210 154 2216 ’
181 2219 267 2290 quaa
290 2192 451 2264 relaturus
475 2204 564 2266 esset
587 2192 730 2264 veritate.
774 2191 870 2276 Quod
894 2190 972 2262 dicit
993 2191 1080 2261 enirn
1102 2189 1166 2279 itte,
1192 2189 1303 2287 priora

182 2335 221 2382 se
243 2310 351 2406 ipsum
371 2309 503 2398 vidisse,
527 2309 604 2380 nihil
623 2309 831 2384 dubitationis
850 2308 998 2405 exprimit
1015 2307 1057 2378 de
1075 2307 1115 2380 iis
1133 2333 1220 2404 quae
1235 2331 1302 2379 non

183 2427 271 2501 vidit.
308 2425 348 2505 At
360 2451 436 2497 vero
451 2425 604 2522 languide
617 2427 773 2500 adhaeret
787 2426 883 2522 quasi
895 2426 978 2496 haee
992 2424 1203 2514 asseveratio,
1218 2449 1304 2521 qaae
1379 2473 1385 2478 -

183 2559 217 2619 et
238 2544 443 2641 intarrttrttpit
463 2545 573 2640 inepta
597 2546 785 2618 orationem,
800 2558 833 2618 et
855 2543 1012 2641 particula
1035 2567 1081 2636 γε
1099 2542 1303 2614 adnectenda

184 2677 275 2742 rorte
288 2644 369 2754 erat,
384 2677 490 2760 itaque
504 2661 714 2760 pervulgatae
728 2661 772 2734 itti
787 2663 968 2734 nuntiorum
984 2660 1209 2734 consuetudini
1224 2685 1305 2730 eon·

153 2792 156 2799 '
184 2783 280 2874 venit,
303 2782 345 2857 da
367 2807 433 2878 que
454 2805 637 2878 exposuere
654 2779 903 2854 Valokenaer.
923 2779 966 2852 ad
985 2778 1058 2850 Eur.
1075 2777 1197 2850 Phoar.
1214 2777 1302 2848 826.

184 2899 402 2972 Biorntield.
424 2898 465 2994 ad
480 2898 604 2970 aesca.
626 2900 717 2971 Pers.
741 2899 825 2970 271.
854 2897 977 2995 Apitz.
998 2896 1040 2968 ad
1064 2893 1167 2992 Sopb.
1183 2893 1302 2966 Traah.

185 3018 270 3090 729.
291 3015 461 3110 Koechly
475 3015 517 3086 ad
531 3017 604 3086 Eur.
620 3017 687 3114 Iph.
703 3017 799 3090 Taur.
817 3015 901 3090 900.
929 3015 1029 3086 immo
1048 3013 1227 3088 sententiae
1246 3037 1306 3084 aa·
1443 3001 1444 3036 ¹

55 3185 61 3204 ,
185 3150 256 3209 tura
280 3135 325 3208 ita
348 3135 419 3222 fert,
446 3145 479 3204 ut
505 3157 637 3204 causa
661 3159 680 3204 a
702 3134 849 3205 ministro
873 3133 1023 3205 addenda
1047 3156 1122 3203 esse
1147 3130 1305 3221 videatur,

186 3280 250 3352 qua
272 3279 310 3326 re
332 3253 373 3326 ab
397 3251 469 3326 aliis
493 3265 631 3350 accepta
653 3251 715 3324 iarn
739 3251 899 3324 relaturus
923 3252 977 3342 sit,
1000 3275 1041 3324 ao
1068 3275 1133 3320 nan
1159 3273 1233 3337 suas
1260 3249 1302 3320 cf.

74 3400 77 3406 “
186 3373 278 3444 Hom.
295 3371 327 3444 tt.
344 3371 395 3459 IV,
414 3371 488 3445 374
507 3392 575 3468 sq.:
599 3373 653 3452 ὡς
667 3370 805 3466 φάσαν
823 3367 862 3442 οἵ
872 3393 930 3464 μιν
946 3366 1059 3440 ἴδοντο
1077 3366 1305 3458 πονεύμενον·

188 3487 234 3560 οδ
257 3489 336 3581 γὰρ
359 3483 494 3579 ἔγωγε
516 3472 656 3583 'jeraa’
677 3485 778 3558 οὐδὲ
799 3483 901 3558 ἴδον·
925 3485 1007 3578 περὶ
1028 3485 1062 3556 δ
1083 3483 1196 3554 ἄλλων
1218 3480 1306 3576 φασὶ

186 3606 363 3700 γενέσθαι.
382 3603 485 3701 Soph.
498 3604 579 3677 Oed.
590 3605 625 3676 R.
637 3605 724 3678 105:
738 3600 843 3684 ἔξοιδ’
860 3603 1040 3676 ἀκούων·
1059 3600 1204 3694 οδγδρ
1223 3597 1306 3670 εἰσ-

187 3723 296 3794 εἴδδν
319 3720 360 3813 γέ
383 3745 450 3794 πον.
483 3723 631 3818 Denique
650 3747 714 3794 non
734 3723 843 3814 δεῦρο
862 3721 1018 3794 translate
1033 3721 1094 3792 sed
1110 3717 1222 3809 δεῦρ’
1240 3714 1313 3790 aet

188 3840 272 3912 solet
290 3839 460 3936 Euripides
480 3863 649 3937 usurpare,
668 3854 701 3910 ut
718 3838 802 3912 Med.
819 3839 902 3911 670.
924 3839 1031 3914 Orest.
1051 3839 1158 3912 1663.
1180 3836 1304 3908 Phoen.

191 3959 298 4030 1209.
314 3956 429 4054 Suppi.
446 3959 531 4032 786.
548 3958 613 4029 ion.
629 3958 689 4030 56.
705 3956 775 4030 Hei.
787 3957 872 4028 761.
889 3957 1014 4053 Fragor.
1033 3957 1116 4030 365.
1133 3956 1173 4026 oi.
1185 3953 1306 4026 Aesah.

189 4076 278 4146 Eum.
303 4076 388 4147 596.
416 4075 543 4171 Fragm.
567 4075 680 4172 adesp.
704 4077 786 4150 148.
810 4075 1064 4162 Vatekan.‚ed
1087 4075 1160 4146 Eur.
1181 4072 1305 4144 Phoen.
1443 4113 1444 4130 2

192 4194 299 4265 1215.
331 4193 486 4264 Porsen.
508 4193 550 4263 ad
569 4192 676 4265 Orest.
696 4193 802 4265 1679.
841 4193 909 4264 Nec
928 4218 1004 4262 vero
1028 4190 1157 4261 difficile
1181 4204 1242 4276 est,
1266 4213 1306 4258 ex

190 4312 337 4406 vestigiis
359 4333 483 4400 eorum,
506 4335 590 4407 quae
614 4338 631 4382 a
658 4310 746 4380 tibris
771 4310 898 4406 prodita
922 4322 1060 4397 exstant,
1083 4332 1197 4378 eruere
1220 4329 1307 4400 quae
