2900 4834
166 284 216 354 84

168 523 253 596 quac
283 501 467 575 emendatio
496 493 622 576 videtur
647 501 916 574 adsentantium
947 525 1024 573 esse
1045 522 1205 598 perquam
1232 524 1291 572 ac·

168 619 383 692 commodata.
547 663 551 677 ·
595 726 598 732 Ι

84 749 88 752 ’
187 774 189 780 ν
244 733 312 808 Sed
336 737 436 810 redeo
459 738 501 808 ad
525 737 806 827 Heraclidas,
830 737 883 810 uhi
906 764 936 808 v.
960 739 1042 810 182.
1084 733 1202 827 lotaus,
1229 735 1292 806 aii·

168 853 254 925 unde
280 854 398 926 frustra
423 856 572 951 quaesito
598 853 716 928 auxilio
743 857 801 946 (cf.
821 857 922 928 lsocr.
944 857 1066 953 Paneg.
1088 859 1119 942 3.
1141 854 1219 944 56),
1246 853 1289 924 ab

166 971 411 1043 Atheniensium
435 964 516 1070 rege
535 973 701 1046 confidere
720 999 757 1046 se
774 975 820 1046 ait
837 973 1043 1070 impetratum
1061 972 1099 1044 iri
1117 972 1205 1070 quod
1224 971 1289 1068 ipsi

162 1102 287 1186 petant.
326 1088 458 1162 Orditur
476 1106 582 1162 autern
601 1091 642 1162 ab
662 1091 724 1164 hac
742 1091 945 1196 Athenarum
959 1089 1069 1162 laude:

259 1207 327 1278 181
345 1205 445 1296 ἄναξ,
463 1209 613 1302 ὑπάρχει
628 1208 695 1300 ρὲν
713 1208 784 1280 τόδ’
800 1206 838 1279 ἐν
856 1211 899 1302 τῇ
916 1207 1089 1303 σῇχθανί,

335 1323 451 1396 ,εἰπεῖν
467 1324 656 1396 ἀκοῦσαίέ
671 1324 710 1397 έν
724 1325 829 1417 ρέρει
851 1325 1050 1417 πάρεστί
1070 1348 1168 1416 μοι,

344 1440 483 1524 κούδείς
494 1443 529 1535 μ’
544 1443 681 1514 ἀπώσει
698 1443 853 1534 πρόσθεν
864 1442 994 1534 ὥσπερ
1012 1440 1143 1530 ἄλλοθι.

166 1558 375 1656 Παρρησίαν
401 1561 504 1659 igitur
522 1558 608 1632 iliam
633 1561 812 1658 prudenter
836 1561 1015 1657 praedicat,
1041 1585 1106 1657 qua
1130 1559 1289 1662 imprimis

166 1677 384 1750 Athenienses
407 1678 629 1774 gloriabantur
652 1679 709 1767 (ci.
733 1677 913 1753 Moschion.
935 1679 970 1749 ir.
993 1677 1028 1750 5.
1049 1683 1096 1774 (p.
1114 1677 1199 1748 632.
1215 1677 1290 1766 N.):

166 1793 227 1888 τὴν
245 1795 313 1886 γὰρ
333 1793 616 1890 ἐντεθραμμένην
634 1795 751 1876 ἀσταῖς
758 1793 907 1880 Ἀθάνας
922 1798 1016 1890 τῇτε
1033 1779 1180 1890 θρσέισς
1190 1793 1290 1864 πόλει

165 1909 271 1983 καλὸν
292 1912 440 2006 φυλάξαι
463 1912 614 2008 γνησίως
636 1911 845 2010 παρρησίαν.
872 1914 906 1984 C.
931 1912 964 1982 F.
989 1906 1206 1984 Hermann.
1221 1912 1285 1982 Gr.

167 2029 405 2102 Stautsaiterth.
423 2030 483 2119 66,
496 2034 530 2102 8.
547 2031 801 2104 Wachsmuth.
818 2028 941 2102 Helian.
957 2029 1093 2102 Alterth.
1111 2031 1132 2101 l.
1149 2056 1182 2127 p.
1197 2031 1298 2102 528:

168 2148 203 2218 C.
224 2148 415 2245 Wagner.
435 2147 505 2220 Act.
527 2147 637 2246 philol.
659 2161 807 2221 convent.
829 2147 904 2218 Vlll.
929 2148 1036 2219 1846.
1058 2174 1090 2246 p.
1104 2147 1162 2220 ’94
1180 2151 1286 2244 sqq.).

166 2267 262 2350 Quod
282 2259 325 2336 uti
343 2264 507 2338 ‘neminem
531 2259 719 2364 io‘git7item
743 2265 946 2337 manifestum
970 2264 1210 2357 estudoecrl
1225 2289 1289 2358 ραι
1437 2301 1438 2352 r

166 2408 195 2452 r.
212 2384 281 2453 182
298 2383 490 2480 praesertim
504 2385 718 2456 antecedente
731 2384 883 2476 ὑπιίσχει
896 2379 974 2474 μέν,
994 2408 1182 2481 perversum
1198 2408 1285 2456 esse.

166 2500 312 2591 Accedit,
337 2501 424 2598 quod
444 2501 486 2572 ita
505 2526 707 2574 communem
726 2501 832 2576 lotaus
850 2501 1043 2574 sententiam
1061 2500 1230 2598 expromit,
1253 2513 1288 2571 ut

167 2645 231 2690 nou
250 2632 315 2691 tam
333 2620 395 2691 sibi
415 2623 542 2718 cupiam
562 2622 693 2693 dicendi
713 2647 789 2693 esse
807 2635 883 2718 apte
901 2619 1048 2710 affirmet,
1067 2645 1164 2716 quarn
1182 2619 1287 2690 ornni-

22 2761 25 2768 *
167 2737 227 2808 hus
255 2739 397 2830 omnino,
424 2740 479 2836 qui
504 2740 639 2812 Athenis
666 2752 866 2832 versentur.⁴
890 2738 996 2835 Atque
1028 2737 1287 2809 emendationem

167 2858 308 2952 corrupti
325 2858 413 2928 verbi
431 2883 612 2955 aggressus
631 2879 735 2955 nuper
752 2872 803 2930 est
818 2857 869 2930 W.
885 2855 1036 2954 Helbig.
1057 2856 1088 2927 iu
1107 2868 1189 2926 Ano.
1202 2858 1284 2948 phil.

168 2989 196 3043 ct
212 2978 308 3065 pueri.
326 2972 396 3045 vot.
412 2975 472 3045 83.
489 3001 520 3070 p.
538 2974 623 3062 616,
641 2975 696 3072 qui
716 2973 884 3071 proponit:

344 3089 450 3162 εἰπεῖν
468 3090 657 3162 αίιιαῡσαιί2
676 3089 713 3161 ἐν
727 3090 832 3184 ρέρει
849 3089 1082 3185 παρεστίῳ,
1130 3136 1136 3150 .-

26 3287 29 3293 f
166 3232 303 3305 eamque
330 3209 545 3308 certissimam
570 3235 634 3282 non
660 3208 783 3280 dubitat
809 3208 919 3281 dicere
945 3207 1129 3280 Schenkl.
1150 3211 1284 3300 (Philol.

167 3323 238 3396 XX.
256 3352 288 3422 p.
304 3328 407 3416 469).
444 3327 519 3401 Mihi
542 3355 619 3400 vero
643 3352 741 3410 secus
761 3327 896 3399 videtur.
932 3324 1130 3419 Παρέστιας
1149 3326 1234 3398 enim
1258 3325 1286 3396 is

167 3455 217 3514 est
231 3444 373 3540 proprie,
387 3446 443 3542 qui
461 3471 553 3517 arae
571 3446 741 3534 assidet,
761 3445 846 3516 unde
859 3445 902 3516 ad
920 3445 1055 3516 domus
1074 3456 1293 3515 consortes·

123 3569 136 3590 ¹
166 3562 372 3651 transfertur3
396 3562 437 3633 ci.
457 3559 560 3659 Soph.
576 3562 649 3634 Aut.
672 3563 760 3634 373:
780 3561 864 3658 μήτ’
881 3560 960 3654 ἐμοὶ
981 3561 1211 3654 παρέστιος
1230 3561 1287 3653 γέ·

168 3702 269 3751 rotro.
297 3680 371 3750 Eur.
387 3669 471 3751 Med.
491 3680 602 3751 1334:
621 3684 795 3752 κτανοῦσα
818 3681 888 3774 γὰρ
911 3681 957 3776 δὴ
980 3677 1042 3750 σὸν
1063 3681 1161 3749 κάσιν
1183 3701 1287 3769 παρ·

167 3795 313 3866 ἑστιαν.
357 3798 420 3867 Pro
439 3799 533 3868 cive
552 3811 670 3887 autem,
687 3812 844 3894 quantum
863 3798 943 3886 scio,
963 3823 1026 3867 noo
1046 3797 1177 3878 dicitur;
1197 3795 1286 3894 atqui

166 3914 249 3986 haec
268 3940 330 3986 una
348 3928 425 4010 apta
444 3915 496 3987 hic
514 3929 605 3988 esset
622 3916 771 4006 hominm,
793 3917 845 3988 cui
864 3940 1058 3988 concessum
1077 3928 1168 3986 essct
1185 3914 1287 3987 libere

167 4030 278 4128 ioqui.
296 4032 500 4131 significatio.
548 4034 644 4119 Quod
670 4033 840 4132 Helhigius
866 4035 951 4105 enim
979 4047 1079 4130 putat,
1110 4046 1286 4130 propterea

166 4151 287 4247 optime
314 4151 392 4223 ittud
419 4152 591 4223 convenire
619 4152 809 4242 sententiae,
838 4151 991 4250 quoniam
1017 4150 1155 4222 sedeant
1180 4148 1286 4221 Iolaus

166 4269 332 4364 ceterique
347 4269 538 4342 heraclidae
556 4268 724 4365 supplices
743 4270 865 4340 circum
881 4269 962 4339 lovis
980 4292 1071 4340 aram
1086 4274 1131 4358 (ν.
1149 4267 1206 4338 33.
1223 4267 1284 4340 55.
