2900 4834
189 300 261 370 124

187 515 231 588 sit
255 530 353 614 atque
378 513 555 612 αὐτόχεῳι
580 497 730 612 σφαγῇ
754 516 880 608 (Orest.
904 517 1006 606 947).
1054 516 1228 590 Diversum
1262 526 1318 588 eet

188 647 297 706 autem
323 635 412 732 quod
439 633 556 733 legitor
582 631 678 707 Hero.
702 635 763 706 fur.
790 633 903 706 1393:
933 634 1063 716 πάντες
1091 631 1317 725 ἐξολώλαμεν
1429 713 1430 720 ¹

179 749 294 843 Ἥρας
313 757 396 846 μιᾷ
417 749 672 848 πληγέντες
693 748 805 844 ἀθλίῳ
830 748 1317 846 τὸχῃ,1ι.σ.ἰα[υτιειυθσαυ

187 874 317 943 nomiae
327 870 386 961 (de
399 870 559 942 adieetivo
573 867 697 950 ἄθλιος
707 871 749 941 ei.
759 867 862 967 Soph.
874 868 956 942 Oed.
968 867 1128 960 colans,
1138 873 1178 939 de
1191 871 1245 939 υὸ.
1261 891 1314 938 or.

187 991 287 1081 Sept.
309 989 343 1060 11.
365 1013 398 1085 p.
419 988 497 1076 26).
534 986 676 1083 Uterque
699 986 800 1083 igitur
823 985 918 1058 loeus
940 985 1168 1062 emendatione
1186 985 1316 1058 videtur

188 1129 300 1202 egere.
344 1103 450 1202 Atque
476 1102 542 1194 ilio,
569 1104 655 1177 uode
681 1127 799 1176 exorsa
825 1116 877 1175 est
903 1103 1080 1201 disputatio
1104 1129 1190 1194 mea,
1214 1102 1316 1174 etiam
1431 1175 1432 1200 χ

189 1235 326 1295 metrum
353 1219 538 1294 claudioare
563 1234 686 1318 putant.
732 1221 919 1318 Requiritur
944 1219 1029 1292 enim
1055 1222 1099 1293 od
1125 1220 1315 1292 dochmium
1431 1267 1432 1272 κ

190 1341 428 1415 conficiendum
443 1338 566 1437 syllaba
582 1341 753 1438 producta,
765 1365 868 1438 qnare
881 1339 1088 1412 Kirohhoi
1094 1340 1109 1410 1
1113 1339 1123 1410 i
1134 1363 1182 1409 us
1199 1337 1317 1410 edidit:

189 1464 241 1553 σᾷ
259 1456 379 1552 μυζυᾳ.
417 1459 459 1529 At
475 1457 660 1530 dochmium
679 1457 869 1530 necessario
888 1461 971 1530 esse
983 1457 1229 1544 restituendum,
1249 1479 1317 1526 non

190 1577 296 1648 audeo
317 1597 522 1648 asseverare.
564 1575 717 1646 Fortasse
735 1574 812 1647 iioet
829 1585 983 1664 statuere,
1005 1575 1039 1645 io
1058 1597 1213 1645 numeros
1230 1575 1318 1646 ianr-

188 1697 276 1766 diroe
294 1692 414 1766 cadere
426 1717 565 1765 versum.
599 1692 741 1779 Quodsi
760 1692 845 1782 linet,
864 1718 928 1764 non
948 1691 1046 1788 longe
1063 1689 1244 1788 repetenda
1262 1703 1317 1762 est

190 1810 255 1883 1ουί
281 1810 477 1884 emendatio.
519 1802 698 1882 M01P'Al
719 1811 804 1884 enim
830 1819 1004 1909 perperam
1021 1807 1123 1880 ‘libris
1149 1799 1317 1906 proditum

191 1928 411 2000 videturesse
429 1951 490 2024 pro
508 1927 542 1998 N
547 1925 688 1998 OPMAI
688 1979 699 2016 ,
718 1941 862 2000 extrema
880 1940 988 2000 antem
1006 1926 1095 1999 verbi
1113 1925 1318 2000 anteceden·

190 2046 234 2119 tis
253 2045 379 2143 syllaba
401 2070 463 2115 σω
486 2044 581 2116 facile
598 2043 716 2136 effecit,
734 2058 769 2118 ut
785 2069 836 2117 συ
855 2043 1074 2118 intercideret.
1109 2043 1200 2121 Hane
1217 2042 1318 2142 igitur
1433 2047 1434 2070 *

173 2151 296 2238 'habes
314 2163 406 2236 chori
424 2162 620 2236 orationem:
934 2219 936 2228 .

394 2279 538 2351 λυσσάδι
562 2278 848 2373 συγκατειργάσω
874 2278 953 2353 σὸν
978 2279 1099 2376 ὁρμᾷ

190 2399 215 2472 1.
231 2424 260 2470 e.
279 2400 403 2494 sororis
419 2400 562 2490 impeto
580 2400 757 2470 trucidasti.
786 2399 827 2471 oi.
842 2396 946 2497 Soph.
962 2398 1034 2472 Ant.
1054 2399 1141 2474 135:
1155 2421 1315 2491 μαινο-

188 2514 306 2612 μένᾳ
340 2513 417 2596 ξὺν
450 2512 570 2608 ὁρμᾷ
592 2512 782 2612 βακχεύων
807 2513 950 2587 ἐπέπνει
973 2516 1045 2588 κτλ·
1083 2516 1201 2589 Treob.
1225 2517 1317 2589 720:

118 2628 121 2636 ’
192 2633 357 2706 eirenae
384 2662 430 2686 —-
456 2629 565 2727 ταθτῇ
590 2630 671 2704 σθν
696 2632 817 2728 ὁρμῇ
839 2632 932 2726 κάμὲ
956 2635 1200 2706 συνθανεῖν
1226 2633 1313 2726 ἅμα.

191 2752 238 2824 El.
258 2751 420 2826 reinzo
442 2748 571 2843 σπέρμ’
586 2748 743 2842 Ἂτρέως,
767 2753 822 2833 ὡς
840 2749 951 2822 πολλὰ
974 2749 1090 2823 παθὸν
1112 2751 1157 2822 δι’
1172 2749 1315 2824 ἐλευθε-

188 2867 273 2961 ρίας
295 2868 396 2960 μόλις
418 2865 570 2964 ἐξῆλθες
592 2872 635 2963 τῇ
661 2871 719 2940 νῦν
744 2869 864 2963 ὁρμῇ
889 2866 1103 2940 venenatas>
1187 2853 1213 2930 ζ

268 2987 333 3058 lero
361 3010 438 3057 vero
465 2984 582 3057 vellem
614 3009 678 3058 noo
709 2985 816 3056 minus
844 2983 948 3057 facilis
973 2998 1064 3058 esset
1088 2983 1222 3059 alterius
1248 2982 1313 3060 iooi
1395 3033 1400 3042 ·

193 3104 389 3178 emendatio.
444 3103 560 3175 Possis
590 3103 723 3201 quidem
754 3102 939 3201 corrigere:
970 3102 1147 3198 αὐτόχειρι
1176 3102 1315 3199 πείρᾳ

192 3225 331 3312 κτενεῖς,
345 3235 378 3294 at
396 3247 460 3293 non
479 3220 577 3294 habet
594 3221 659 3293 hoo
671 3221 739 3293 reri
757 3222 913 3319 speeiem,
928 3221 1209 3320 quereirrtegrom
1227 3221 1313 3295 meio

193 3339 280 3412 huno
298 3339 404 3412 locum
421 3337 618 3437 relinquere,
644 3362 742 3434 quam
760 3338 881 3436 ingenii
899 3338 1034 3412 arbitrio
1052 3339 1177 3412 ineerta
1195 3365 1313 3438 expro-

191 3481 292 3548 mere,
310 3481 448 3553 sperans
467 3457 537 3529 fore
555 3470 590 3529 ut
605 3455 750 3528 inveniat
768 3455 822 3528 ilie
840 3480 933 3528 suum
952 3455 1125 3554 Oedipum.

268 3639 427 3714 Hercules
445 3666 484 3714 ex
499 3666 614 3714 somno
635 3640 793 3714 excitatos
812 3653 845 3714 et
863 3667 901 3715 se
919 3641 993 3742 ipse
1006 3641 1128 3715 sensim
1142 3641 1312 3740 colligens,

260 3890 286 3957 ·)
312 3891 360 3944 Hie
377 3891 469 3944 neseio
487 3909 540 3960 quo
559 3897 637 3960 paeto
655 3892 783 3956 addooor,
808 3899 834 3946 ot
853 3893 951 3962 Soph.
965 3892 1044 3946 Oed.
1058 3893 1132 3960 Reg.
1147 3891 1194 3944 123
1214 3892 1301 3946 Creon

255 3987 257 3994 ·
312 3981 365 4028 tem
385 3975 530 4028 existimem
549 3993 602 4029 non

463 4054 566 4129 λῃστὰς
582 4055 687 4127 ἔφασκε
705 4058 892 4132 συντυχόντας
907 4058 941 4112 od
958 4057 1008 4131 μιᾷ

462 4141 560 4214 ῥώμῃ
578 4145 683 4196 κτανεῖν
701 4161 752 4204 νιν,
764 4141 839 4215 Ιἀλλὰ
857 4143 906 4216 σὺν
925 4143 1024 4216 πλήθει
1039 4146 1134 4216 χερῶν

316 4226 447 4280 dicentem
470 4229 565 4280 ieeisse
587 4235 691 4296 poetam
714 4229 761 4280 aed
783 4231 884 4296 potius:
907 4225 942 4281 υὸ
959 4227 1008 4300 μιᾷ
1025 4228 1116 4300 ὁρμῇ
1137 4231 1242 4282 κτανεῖν
1262 4246 1311 4288 νιν,

312 4310 338 4364 h.
351 4327 374 4364 e.
393 4326 450 4366 που
467 4311 549 4366 orirer
565 4311 694 4380 impetu
711 4325 828 4369 necarer.
