2900 4834
182 271 231 340 et

180 487 387 586 βεβηκότες.
411 489 479 580 [sic
500 490 588 562 enirn
610 490 823 562 scribendum
843 491 916 564 sine
937 490 1040 560 dubio
1062 515 1124 586 pro
1146 515 1201 578 eo,
1216 489 1310 585 qnod

184 605 281 704 vulgo
294 607 417 678 editur:
433 606 472 678 ἐν
490 605 589 704 ὄλβῳ
601 607 656 702 μὴ
673 611 805 702 σαφεῖ
811 607 1035 704 βεβηκότες].
1062 607 1188 680 Deinde
1199 607 1308 678 minus

183 737 262 822 apte
279 725 431 795 domus
449 725 570 796 mentio
588 725 658 796 tieri
672 725 810 814 videtur,
826 750 900 796 cnm
917 738 952 798 et
965 739 1064 796 antee
1080 739 1115 796 et
1131 738 1248 822 postea
1265 725 1310 796 da

184 841 358 942 hominis
375 843 503 914 fortuna
522 842 643 914 chortis
661 843 795 939 oog'tet
831 842 962 928 Quibus
977 843 1111 938 quiden
1127 841 1311 914 rationibus

183 960 343 1048 adducor,
362 972 397 1029 ut
413 959 489 1030 vitio
512 985 576 1030 non
600 983 716 1032 carere
742 960 834 1032 ebori
857 960 1036 1032 orationem
1059 961 1205 1050 (eodm,
1219 961 1311 1054 quod

186 1077 295 1150 vitium
312 1075 381 1148 tolli
400 1077 540 1149 tortasse
558 1090 669 1173 potest
686 1077 751 1148 hae
767 1076 1010 1150 emendatione:

385 1192 472 1264 οὐδὲ
490 1191 549 1264 τὸν
566 1192 672 1264 αὐτόν
690 1193 748 1266 ἀεὶ
761 1193 915 1291 βεβάναι
930 1195 1105 1286 δρόμον

386 1310 587 1410 εὐωχίας·
914 1345 917 1350 ·

184 1431 257 1502 Νοο
275 1455 350 1502 raro
368 1430 455 1502 enirn
472 1429 630 1526 permixta
647 1444 724 1502 sunt
744 1429 891 1520 δόμος
910 1443 945 1504 et
965 1429 1157 1520 δρόμος,
1180 1429 1226 1502 de
1241 1455 1309 1528 qna

186 1573 223 1620 re
240 1548 281 1619 et.
296 1547 421 1620 Vater.
435 1547 478 1620 ad
492 1547 591 1620 Rhoe.
607 1575 641 1645 p.
655 1548 742 1620 205.
768 1549 883 1644 Neque
900 1573 1029 1637 vereor,
1041 1573 1086 1620 no
1098 1547 1309 1624 andaeinrarn

186 1664 279 1736 dieas
301 1663 556 1736 translationem.
592 1666 689 1736 Certe
709 1665 810 1746 ὁδός
829 1665 873 1736 ad
891 1665 1039 1738 brtnnne
1055 1665 1215 1740 rationein
1233 1691 1311 1738 sne-

187 1782 261 1878 pins
285 1783 450 1854 transferri
474 1782 556 1854 satin
577 1795 723 1871 oonstat3
745 1782 789 1854 ef.
802 1783 879 1854 Enr.
894 1783 1009 1878 tregrn.
1025 1783 1111 1872 392,
1133 1785 1173 1856 4:
1194 1784 1311 1878 φυγάς

186 1899 217 1970 τ’
233 1898 379 1994 ἐμαυτῷ
391 1898 592 1992 προστιθεὶς
601 1901 741 1993 πάτρας
752 1900 844 1998 ἐμῆς
859 1899 1076 1982 δανάτοαςδ
1092 1900 1239 1994 nopae<
1248 1900 1310 1972 καὶ

186 2024 324 2090 κακῶν
337 2015 594 2100 άλλαςὸδοός.
612 2019 778 2092 tannen:
792 2019 971 2115 μετῆλθες
981 2016 1097 2088 ἄλλων
1108 2019 1309 2114 πημάτων

186 2135 310 2217 καινὰς
324 2135 459 2219 ὁδούς.
487 2135 821 2232 Baoohyi.ir.19,1:
840 2136 905 2226 μία
925 2135 1099 2232 βροτοῖσιν
1124 2134 1217 2208 ἐστὶν
1241 2134 1311 2208 εδ·
1439 2203 1440 2206 ,

187 2253 333 2347 ταχάας
351 2252 458 2334 όδός.
490 2255 581 2324 Ρίοδ.
602 2254 731 2351 Olymp.
746 2253 825 2342 vm,
846 2254 908 2324 13:
930 2251 1054 2324 πολλοὶ
1075 2252 1109 2322 δ’
1131 2251 1224 2324 ὁδοὶ
1246 2251 1310 2324 σὺν

188 2373 287 2450 δεαῖς
307 2369 550 2463 εὐπραγίας.
598 2373 645 2442 De
663 2395 744 2444 vooe
766 2371 927 2462 δρόμος
945 2383 1054 2444 autern
1078 2371 1120 2442 et.
1135 2370 1231 2444 Horo.
1246 2371 1307 2442 fur.

190 2489 305 2559 1212:
323 2491 377 2569 ὡς
391 2488 548 2579 δρόμον
566 2487 624 2558 ἐπὶ
639 2489 756 2582 ρόνιον
774 2487 912 2558 ἀνόσιον
930 2485 1059 2579 ἐξάγει.
1080 2487 1207 2562 Heracl-
1218 2489 1309 2562 486:

189 2605 267 2700 ἡμῖν
289 2604 331 2675 δὲ
355 2603 464 2688 δόξας
489 2603 530 2676 εὖ
554 2612 788 2702 προχωρῆσαι
810 2603 969 2696 δρόμος
994 2605 1094 2676 πάλιν
1111 2604 1307 2701 μεδέατιγκ’

188 2719 294 2805 αόδις
314 2722 366 2806 εἰς
387 2724 595 2820 τάμήχανον.
625 2726 753 2822 Fragm.
773 2724 891 2821 adesp.
911 2723 997 2811 462,
1015 2723 1055 2797 5:
1079 2720 1169 2794 ἐπὰν
1185 2720 1249 2792 ἐπ’
1265 2720 1309 2791 ἄ-

187 2863 289 2932 κρον
312 2863 362 2922 τις
382 2845 442 2944 τοῦ
465 2844 604 2923 καλῶς
623 2842 826 2933 πράσσειν
847 2842 1002 2934 δράμῃ·

265 2957 372 3055 Atque
395 2960 505 3030 nescio
528 2986 570 3030 an
594 2961 678 3030 idem
697 2960 787 3056 quod
809 2959 862 3030 hio
880 2958 974 3054 posui
993 2957 1184 3030 vocabulum
1203 2958 1310 3030 {nonin

189 3073 308 3146 hahent
324 3076 412 3172 apud
429 3072 687 3172 Sophoclem,
706 3076 762 3146 ubi
779 3076 861 3146 haee
878 3075 996 3172 Oedipi
1015 3088 1091 3148 sunt
1109 3076 1207 3148 verba

266 3191 579 3266 neacornooe:
1062 3190 1309 3285 oronam

579 3309 709 3404 ’ταύτῷ
718 3310 888 3408 βεβηκὼς
899 3312 1079 3406 τυγχάνεις
1087 3317 1205 3384 κακῶν
1220 3308 1310 3401 ἐμοό.
1439 3403 1440 3416 γ

188 3430 268 3502 Cum
296 3426 335 3500 ἐν
359 3428 456 3522 πόνῳ
482 3435 601 3500 κακῶν
627 3429 720 3500 enirn.
736 3425 903 3524 Sophocle
926 3428 1093 3526 indignum
1119 3427 1311 3514 indicarent,

188 3547 242 3620 atii
260 3547 348 3621 aliud
367 3547 588 3620 coniecerunt.
624 3548 777 3620 Fortasse
796 3547 892 3642 igitur
910 3546 1115 3620 scribendum
1134 3559 1202 3618 est:
1223 3617 1227 3625 ,

636 3747 641 3754 ί
807 3662 857 3732 ὅτ3
875 3662 913 3734 ἐν
930 3665 1088 3756 δρόμῳ

392 3783 510 3876 ταδτῲ
521 3782 691 3882 βεβηκὼς
706 3781 886 3876 τυγχάνεις
899 3787 1019 3852 κακῶν
1035 3780 1123 3872 ἐμοί,
1216 3769 1221 3775 ’

188 3927 275 4002 qune
292 3902 517 3976 coniecturae
536 3900 745 3972 similitudine
763 3912 854 3970 certe
872 3896 1047 3970 litterarum
1072 3923 1137 3969 non
1161 3897 1312 3996 exiguam

188 4019 627 4094 habetoommendarionem.
663 4013 1316 4090 ENHONQIenimabENAPOMQI
1439 3985 1440 4004 '

188 4139 238 4212 vix
257 4163 320 4210 una
338 4138 506 4210 duabusve
524 4134 674 4208 litterulis
691 4135 867 4231 discrepat.
910 4133 958 4204 Ac
977 4132 1051 4208 lieet
1070 4134 1209 4206 sortasse
1228 4133 1312 4206 tineo

188 4255 333 4330 stabilire
349 4255 421 4327 Ιοοο
436 4252 630 4350 Aeschyleo,
649 4277 842 4348 quemqnam
857 4275 920 4320 non
936 4250 1016 4320 satis
1030 4251 1214 4339 emendato,
1228 4251 1308 4321 Cho.
