2900 4834
171 289 241 360 104

168 506 264 592 Quod
288 532 360 578 oum
385 508 588 606 intellegeret
609 508 815 582 Reislrius
846 509 1000 581 correxit:
1024 508 1203 589 δυσκλεῶς
1225 507 1296 602 μιλρ

170 620 244 695 οὖν
261 627 398 706 κτενεῖς.
435 625 505 697 Νοιι
525 639 625 714 reete,
643 626 770 724 opinor.
807 626 930 698 Etenim
950 651 1023 698 euro
1042 650 1185 722 eaquae
1204 637 1297 696 ente·

168 743 288 814 cedunt
307 769 334 812 v.
351 742 436 815 991:
453 744 621 835 δακρύοις
637 742 689 825 εἰς
703 741 741 813 τὸ
759 743 849 839 θῆλο
868 742 1084 835 τρεπόμενος
1100 740 1237 822 ἐλεινὸς
1251 739 1297 837 ἦν
1440 725 1441 814 ]

168 857 211 928 ἂν
229 859 361 950 μᾶλλον
385 861 408 956 ἢ
432 847 655 956 δραστήριος,
675 874 742 933 tum
765 862 969 934 consuetudo
993 861 1121 961 fortium
1143 859 1295 953 virorum,

168 977 287 1073 quibos
314 979 426 1049 mortis
453 979 631 1081 perieulum
659 981 767 1068 instat,
800 979 954 1069 efficiunt,
986 991 1021 1050 ut
1050 1005 1114 1050 non
1142 978 1184 1048 de
1212 978 1297 1048 lama

169 1093 344 1168 Theonoes
368 1096 428 1167 sed
452 1097 493 1168 de
517 1097 709 1168 fortitudinis
728 1096 863 1168 Menelai
887 1097 983 1168 laude
1006 1096 1141 1192 eogitari
1165 1096 1294 1168 debeat.
1440 1143 1441 1156 ι

169 1209 284 1284 Solent
306 1214 391 1286 enirn
414 1224 533 1310 poetae
556 1240 717 1312 personas
735 1215 844 1286 leoere
862 1215 908 1286 ita
925 1215 957 1285 in
973 1214 1089 1285 mortis
1108 1213 1296 1286 discrimine

171 1327 353 1426 loquentes,
376 1343 411 1402 ut
437 1333 540 1403 tristis
566 1321 713 1404 fortunae
740 1331 891 1404 solatium
918 1332 1109 1429 praedicent
1135 1330 1297 1402 interitum

170 1444 364 1543 gloriosum3
390 1449 430 1520 nl.
451 1449 559 1521 Orest.
581 1451 673 1521 786:
692 1429 989 1541 ,ῶςᾶνανθρον
1015 1449 1179 1529 ἀκλεῶς
1200 1469 1296 1518 κατ-

170 1565 324 1635 θανεῖν.
344 1565 474 1638 Heracl.
485 1567 575 1639 534:
594 1565 733 1664 εὕρημα
751 1567 820 1660 γάρ
839 1590 890 1639 τοι
904 1567 956 1663 μὴ
975 1565 1204 1663 ριλοςθοχοῦθ
1222 1564 1294 1658 ἐγὼ

168 1681 346 1752 κάλλιπον
360 1681 497 1779 εὕρηκ’,
513 1681 876 1766 εὐκλεῶςλιττεῖν
891 1685 1003 1783 βίον.
1024 1667 1094 1756 Αλο.
1109 1679 1295 1756 15οιῗστιο

172 1822 230 1870 νον
259 1797 454 1895 εὐκλεής
478 1825 528 1894 γε
555 1802 910 1900 κοτθανονμένη
937 1801 1155 1874 κτλ.·Ααεολι.
1179 1798 1294 1896 Agant.
1440 1799 1441 1830 ¹

173 1917 286 1988 1303:
317 1916 391 1988 ἀλλ’
423 1916 625 2001 εὐκλεῶς
654 1943 720 1990 τοι
750 1923 999 1992 κατθανεῖν
1026 1919 1134 2012 χάρις
1158 1917 1295 2016 βροτῷ.
1440 1983 1441 2020 3

169 2032 280 2131 ltaque
299 2035 422 2106 Pheres
446 2034 545 2108 lilium
567 2050 677 2109 monet
699 2037 773 2109 Eur.
796 2037 864 2109 Alo.
882 2037 971 2112 725:
994 2037 1137 2136 θανεῖ
1152 2059 1194 2128 γε
1214 2035 1296 2127 μέν·

170 2173 221 2222 τοι
246 2152 489 2248 δυσκλεής,
516 2153 599 2224 ὅταν
621 2155 743 2250 θάνῃς,
767 2169 801 2228 et
818 2156 926 2228 Ulixes
944 2157 990 2228 ait
1007 2153 1094 2251 Cyol.
1112 2152 1292 2236 2012AEl’
1440 2247 1441 2268 χ

171 2267 204 2339 εἰ
228 2272 345 2341 θανεῖν
370 2272 434 2357 θεῖ,
466 2273 828 2364 κατθανούμεθ’
860 2272 1091 2367 εὐγενῶς,
1119 2271 1142 2366 ἢ
1170 2270 1299 2352 ζῶντες

171 2383 265 2457 αἶνον
291 2387 348 2457 τὸν
374 2388 491 2478 πάρος
514 2412 556 2481 γε
582 2375 752 2482 σώσομεν.
789 2392 861 2476 Qua
887 2390 931 2463 de
957 2415 1059 2462 eausa
1085 2388 1294 2461 scribendum

172 2530 248 2577 esse
267 2530 403 2578 censeo:
514 2557 518 2564 ι

212 2613 215 2618 “
297 2624 397 2696 κτεῖν’
415 2623 448 2696 εἰ
462 2626 564 2696 θοκεῖ
575 2649 648 2697 σοι·
666 2618 870 2709 θοσκλεεῖς
884 2627 954 2719 γὰρ
973 2624 1015 2697 od
1032 2628 1172 2707 κτενεῖς.

245 2859 325 2935 Ηελ.
341 2862 453 2935 1225:
466 2863 645 2958 φιλοςγάρ
660 2862 762 2953 ἐστιν,
776 2861 824 2943 θς
838 2861 925 2933 ποτ’
942 2860 1053 2934 ἐστίν
1072 2861 1215 2933 ἐνθάδ’
1227 2861 1293 2932 ῶν.

170 2981 329 3076 Corrupto
358 2980 441 3050 haee
470 3005 556 3070 esse,
588 2980 686 3052 hodie
714 2981 920 3052 consentiunt
946 3005 1074 3052 omnes:
1107 2981 1297 3096 discrepant

168 3122 246 3168 vero
265 3097 472 3168 vehementer
490 3097 746 3188 emendationes,
770 3123 831 3170 neo
854 3098 939 3169 iuvat
962 3098 1103 3170 relutare
1127 3098 1294 3171 coniectu-

169 3240 236 3306 ras,
253 3240 340 3313 quae
358 3216 427 3286 lere
445 3214 651 3310 spernendae
669 3227 753 3287 sunt.
798 3214 886 3286 Unus
904 3215 959 3287 Na
971 3239 990 3284 u
1002 3215 1061 3286 eki
1073 3240 1120 3287 us
1139 3214 1296 3287 sententi-

169 3358 221 3404 arn
241 3333 403 3430 expressit
420 3332 462 3403 ad
480 3358 547 3404 rem
566 3334 861 3406 accommodatam:

296 3450 396 3545 ριλος
414 3449 484 3543 γάρ
507 3449 598 3521 ἐστιν
621 3451 682 3531 ῶς
701 3450 779 3521 ποτ’
802 3449 943 3522 ἐνθάδ’
965 3451 1022 3521 ῶν
1044 3451 1176 3532 πόσις.

168 3567 211 3640 At
227 3569 370 3640 deterret
387 3593 449 3658 me,
469 3569 642 3667 quominus
661 3592 797 3663 prorsus
816 3568 978 3639 assentior
992 3569 1091 3640 veteri
1112 3569 1294 3640 studiorum

169 3687 272 3778 socio,
294 3712 368 3760 oum
393 3687 580 3759 mutationis
607 3684 756 3776 audacia,
779 3698 844 3757 tum
872 3685 960 3782 qnod
987 3685 1019 3755 iu
1046 3685 1109 3758 han
1134 3686 1296 3758 sententia

168 3832 273 3906 prope
286 3805 383 3878 inane
397 3818 448 3877 est
466 3803 646 3876 ἐνθάθε.
675 3802 745 3874 Ηοο
762 3814 870 3874 antem
889 3814 979 3875 rente
999 3802 1139 3901 disperit
1154 3803 1297 3876 Naueki·

171 3951 221 4018 us,
246 3925 376 3997 mariti
406 3924 568 3994 notionem
597 3921 786 3994 necessario
813 3922 866 3994 tic
892 3921 1023 4018 requiri.
1067 3921 1137 3994 Neo
1166 3919 1296 3992 difficile

169 4059 220 4118 est
244 4045 379 4143 vestigia
407 4041 501 4112 huius
523 4038 672 4112 vocabuli
697 4039 871 4136 indagare:
900 4039 979 4112 latet
1011 4039 1107 4128 enirn,
1141 4039 1204 4110 nisi
1234 4037 1296 4109 lal-
1440 4057 1441 4088 t

168 4163 228 4256 lor,
246 4165 278 4234 in
297 4161 411 4234 litteris
431 4181 571 4239 ποτες
586 4158 798 4230 reconditum.
837 4157 960 4230 lleinde
983 4156 1011 4228 T
1012 4156 1032 4228 I
1037 4156 1069 4227 N
1072 4156 1136 4229 ΕΝ
1141 4154 1300 4228 ΘΑΔΩΝ
1304 4199 1306 4204 -

171 4282 285 4388 vitiose
310 4279 465 4374 scripturn
490 4301 565 4348 esse
591 4274 716 4348 videtur
737 4301 799 4372 pro
824 4274 1041 4346 ΓΘΜΕΝΘΑ
1051 4274 1157 4347 ΝΩΝ.
1205 4273 1296 4346 llano
