2900 4834
110 345 112 350 ·
198 320 263 426 oo

199 552 262 630 oet,
285 539 437 638 quoniam
460 537 566 612 soleat
588 537 821 610 multitudinem
843 536 1040 635 significare,
1062 535 1104 608 de
1128 559 1192 631 qua
1206 558 1319 605 oon·

198 657 392 756 temptim
427 657 581 756 loquaris.
634 656 740 754 Atque
771 656 856 753 haud
888 681 963 727 raro
993 655 1037 726 ita
1068 665 1252 750 usurpatur,
1283 664 1319 723 ut

59 809 61 813 ’
199 790 231 849 et
249 776 291 850 de
308 802 527 853 servorum
547 776 673 874 copia
691 776 828 864 dicatur,
842 774 927 846 velut
945 771 1086 845 οἰκετῶν
1103 770 1207 867 ὄχλος
1220 772 1316 844 llere.

198 897 259 966 lur.
281 896 366 986 976,
389 893 489 991 ὄχλον
512 893 722 987 προσπόλων
745 893 840 991 Hipp.
863 894 956 980 8423
983 906 1017 964 et
1041 891 1083 963 de
1109 889 1317 989 populari

198 1014 427 1104 contione,
444 1027 479 1085 ut
496 1013 603 1086 Orest.
620 1013 709 1084 612:
722 1012 841 1104 μολὼν
859 1011 928 1104 χολρ
946 1009 998 1092 εἰς
1013 1006 1176 1107 ἔκκλητον
1189 1007 1318 1102 'Apsal-

198 1157 249 1205 ων
275 1131 386 1228 ὄχλον.
421 1133 510 1204 884:
536 1128 614 1202 ἐπεὶ
639 1129 681 1201 δὲ
706 1131 846 1226 πλήρης
868 1127 999 1222 ἐγένετ’
1019 1128 1176 1221 ’λρχείων
1203 1125 1315 1222 ὄχλος.

197 1251 242 1323 lb.
258 1251 343 1324 871.
364 1249 459 1348 Hipp.
476 1249 565 1322 986:
590 1247 661 1342 ἐγὼ
685 1247 718 1318 δ’
739 1245 902 1344 ὄκομῴος
923 1245 975 1328 εἰς
995 1245 1096 1346 ὄχλον
1119 1248 1239 1318 δοῦναι
1261 1246 1316 1317 λό·

130 1430 136 1440 .
201 1393 272 1463 χον.
299 1368 383 1440 989.
409 1367 488 1440 Ηεο.
514 1367 605 1441 533:
629 1367 776 1462 νήνεμον
792 1363 826 1450 (λ’
843 1360 962 1461 ἕστήό
985 1363 1095 1461 ὄχλον.
1125 1366 1216 1440 868:
1240 1363 1319 1436 ἐπεὶ

201 1486 244 1558 δὲ
265 1485 408 1584 ταρβεῖς
427 1491 480 1580 τῷ
502 1484 532 1556 τ’
549 1483 641 1581 ὄχλῳ
660 1483 765 1556 πλέον
783 1482 905 1577 νέμεις.
931 1485 998 1582 lph.
1014 1483 1085 1556 Aul.
1101 1485 1190 1558 450:
1214 1489 1267 1578 τῳ
1284 1483 1315 1554 τ’

199 1603 292 1700 ὄχλῳ
316 1604 537 1696 δουλεύομεν.
562 1603 650 1676 526:
675 1600 827 1683 ποικίλος
846 1601 903 1673 ἀεὶ
924 1601 1059 1698 πέφυκε
1080 1606 1142 1674 τοῦ
1161 1603 1191 1674 τ’
1209 1599 1318 1698 ὄχλου

100 1783 102 1802 ,
195 1723 298 1817 μέτοξ
319 1723 519 1824 Pinaryu.
535 1721 586 1812 Ν,
600 1722 665 1795 85:
684 1720 722 1794 έν
740 1719 862 1815 ἀχορᾷ
872 1721 1068 1816 πλήθοντος
1082 1720 1229 1816 ὄχλοο.“)
1254 1723 1318 1794 Aut

200 1841 1316 1937 adhibeturdeunire'rsoooetnhominumaofrequentia,
1438 1911 1439 1920 ,

198 1988 296 2058 quam
319 1959 470 2032 mulieres
493 1960 837 2058 potissimum-deceat
861 1959 1026 2056 delegere,
1045 1973 1080 2032 ut
1096 1959 1204 2032 Orest.
1226 1961 1313 2033 108:
1438 1989 1439 1996 ¹

199 2079 251 2162 εἷς
266 2078 367 2175 ὄχλον
385 2077 505 2171 ἕρπειν
523 2077 745 2170 παρθένοισιν
763 2078 805 2150 οὐ
822 2079 937 2150 κοιλόν.
968 2079 1054 2151 119:
1080 2077 1258 2176 ταρβοῦσά
1274 2100 1312 2148 τε

196 2199 342 2294 Ἀρχεῑον
356 2196 466 2293 ὄχλον.
482 2199 568 2273 8012
582 2199 712 2290 σμικρὰ
723 2197 909 2293 φροντίζων
923 2195 1037 2292 ὄχλον.
1054 2197 1148 2270 llere.
1161 2199 1221 2269 lur.
1233 2197 1316 2271 527:

200 2319 275 2409 ὁρῶ
295 2315 363 2408 πρὸ
382 2316 554 2406 δωμάτων
574 2357 619 2368 -
640 2313 733 2410 ὄχλῳ
752 2315 782 2386 τ’
799 2315 837 2388 ἐν
856 2315 993 2407 ἀνδρῶν
1010 2315 1072 2411 τήν
1090 2313 1179 2412 ἐμήν
1197 2316 1318 2396 ξυνάο-

197 2461 273 2528 ρον.
304 2434 372 2532 lph.
389 2432 460 2506 Aul.
476 2434 567 2506 518:
584 2433 676 2506 οότοι
688 2434 762 2529 χρὴ
778 2433 852 2506 λίαν
870 2433 1010 2530 ταρβεῖν
1028 2432 1138 2528 ὄχλον.
1167 2431 1318 2507 aaaron
1439 2410 1440 2490 l

200 2553 305 2626 καλὸν
323 2552 361 2624 έν
379 2550 472 2648 ὄχλῳ
491 2552 524 2623 σ’
542 2551 771 2644 ἐξομιλεῖσθαι
788 2557 949 2645 προτοῦ.
982 2553 1093 2626 1338:
1116 2553 1148 2626 ὦ
1167 2556 1318 2624 τεκοῦσα

196 2681 323 2770 μῆτερ,
342 2671 480 2763 ἀνδρῶν
498 2669 599 2766 ὄχλον
617 2668 744 2763 εἰσορῶ
763 2670 881 2752 πέλας.
902 2671 1024 2744 Phoen.
1041 2671 1129 2746 1962
1148 2668 1313 2766 ὄχλος-
1439 2665 1440 2670 ’

53 2793 56 2806 “
117 2826 120 2842 v
201 2797 379 2886 χονοιικῶν.
410 2791 523 2862 1276:
542 2787 720 2880 αἰδούμεθ’
742 2787 851 2885 ὄχλον.
873 2790 949 2862 Heo.
967 2790 1055 2864 605:
1074 2787 1199 2884 εἴργειν
1218 2787 1318 2886 ὄχλον

204 2917 269 3007 τῆς
283 2909 415 2989 ποιόός.
436 2908 480 2980 λλ).
497 2908 581 2979 607.
602 2907 698 3005 Hipp.
716 2909 803 2980 213:
822 2907 863 2980 οό
878 2909 930 3004 μή
949 2907 1030 3002 παρ’
1047 2907 1138 3004 ὄχλῳ
1157 2908 1243 2978 τάδε
1259 2933 1318 3006 χη-

196 3027 308 3120 ρύσει.
339 3025 407 3098 Hel.
432 3025 524 3099 415:
551 3023 651 3120 ὄχλον
677 3025 745 3119 γὰρ
772 3025 940 3097 εἰσπεσεῖν
966 3025 1174 3124 ήοχυνόμήν.
1213 3025 1315 3124 Soph.

202 3145 319 3218 Traoh.
337 3146 426 3217 424:
445 3140 592 3238 ἐνμέσῳ
614 3139 799 3238 Τραχινίων
817 3143 932 3239 ἀχορᾷ
950 3144 1058 3227 πολύς
1073 3170 1137 3216 σου
1155 3146 1265 3215 ταῦτά
1281 3143 1315 3239 χ’

202 3261 377 3360 εἷσήκοοσ’
394 3260 504 3358 ὄχλος.
542 3261 667 3348 Quibus
692 3260 774 3332 locis
801 3287 874 3334 aum
900 3261 1041 3360 aliquam
1068 3261 1315 3361 contemptionis

202 3383 309 3454 nota'm
338 3381 459 3453 habere
484 3377 561 3452 illud
588 3378 778 3452 vocabulum
806 3382 916 3476 negari
946 3395 1095 3480 nequeat,
1125 3381 1316 3480 saepissime

202 3499 308 3573 tamen
333 3500 375 3572 ita
399 3498 580 3589 adhibetur,
608 3512 642 3571 ut
664 3499 716 3572 illa
741 3526 877 3598 prorsus
901 3514 1003 3574 vacet.
1041 3499 1211 3598 Significat
1232 3500 1316 3572 enim

224 3681 400 3688 ..Ἥ

269 3769 294 3833 ·)
321 3768 446 3822 Consulto
466 3770 631 3838 praetermisi
649 3769 767 3840 Suppl.
785 3771 849 3822 tlt:

574 3851 653 3912 πόλις
667 3851 722 3922 χὰρ
740 3851 775 3922 ής
792 3853 846 3922 ἐγὼ
867 3851 981 3922 πάρειμ’
993 3848 1046 3905 ὄπο

496 3937 561 3996 ἑνὸς
577 3937 648 4006 πρὸς
664 3935 776 4006 ἀνδρός.
800 3938 849 3990 οὐκ
866 3936 956 4008 ὄχλῳ
973 3938 1146 4006 κρατύνεται·

203 4029 325 4097 quonium
352 4041 400 4096 pro
424 4021 473 4075 οὐκ
495 4022 568 4094 ὄχλῳ
593 4027 762 4079 scribendum
785 4028 843 4079 sina
868 4027 948 4079 dubio
972 4034 1012 4079 est
1036 4025 1098 4096 οὐχ
1121 4024 1226 4084 ὅλων,
1246 4026 1315 4096 quod

201 4129 286 4183 nuper
304 4112 383 4164 dooui
401 4107 473 4163 Αππ.
484 4107 553 4178 pltat.
567 4112 593 4162 at
602 4109 682 4177 ροιιλ.
696 4111 770 4162 1864.
783 4128 809 4179 p.
822 4111 879 4162 327.
912 4111 998 4174 Quam
1017 4113 1051 4162 sit
1069 4111 1214 4179 probabilis
1231 4118 1316 4164 autam

200 4196 443 4256 humanandum,
469 4195 639 4254 demonstrat,
665 4202 692 4247 ut
710 4212 789 4248 uuum
809 4195 956 4264 exemplum
976 4196 1094 4255 alteram,
1119 4197 1192 4249 loeus
1216 4196 1317 4264 Sopho·

202 4284 275 4336 eleus
293 4281 433 4340 linetae,
453 4281 497 4333 ubi
514 4281 616 4332 verbis:
636 4279 704 4342 ἐμοῦ
727 4277 778 4342 μέν
803 4278 840 4329 οὐ
844 4297 864 4350 χ
887 4277 1034 4337 ἑκόντος
1051 4283 1076 4332 in
1097 4281 1138 4333 La.
1157 4281 1316 4346 adscriptum

202 4375 239 4418 est
258 4383 302 4433 χρ.
321 4363 381 4416 οὐκ
401 4363 556 4434 ἔχοντος.
