2914 4820
49 281 302 359 'u‘

172 507 295 579 lentiam
315 520 347 580 et
364 508 473 580 iudicii
493 512 687 606 elegantiam
705 511 838 583 debeas.
868 511 907 583 Ut
921 511 1087 609 intellegat
1100 526 1207 584 autem
1222 513 1294 611 ipsa

172 624 363 715 Memmius,
388 652 450 696 non
471 627 589 699 lrustra
608 653 645 700 se
665 626 799 720 ἄνδρας
819 629 1052 723 Σομοκλείοος
1072 629 1293 720 admonuisse,
1445 643 1446 676 t

173 757 206 814 ut
229 743 382 840 religiose
406 757 573 816 tuerentur
590 746 700 842 potius
724 771 808 842 quae
830 747 985 818 memoria
1005 745 1158 818 librorum
1178 749 1293 819 tradita

172 874 294 947 essent,
309 887 405 957 quam
420 861 627 934 destruerent
641 865 801 961 cupidius,
815 865 858 935 ita
873 866 914 934 da
928 863 1129 961 Sophocle
1143 864 1294 937 exordiar

173 979 352 1075 disputare,
376 992 410 1048 ut
433 980 609 1051 defendere
632 982 779 1052 studeam
803 980 966 1070 nonnulla,
990 1007 1074 1078 quae
1098 983 1169 1053 sine
1192 1007 1293 1054 eausa

172 1095 383 1167 lacessivisse
401 1096 474 1192 ipse
488 1097 534 1166 vir
548 1123 693 1170 summus
711 1113 809 1196 atque
828 1099 1039 1195 impugnasse
1053 1099 1209 1170 videatur.
1238 1098 1294 1169 At-

35 1219 39 1228 '
174 1240 237 1310 qua
257 1215 393 1310 primum
413 1215 543 1312 quidem

249 1331 302 1402 Αἱ.
320 1332 385 1404 99:

349 1455 508 1524 τεθνᾶσιν
526 1453 663 1545 ἄνδρες,
684 1457 738 1536 ὡς
752 1451 794 1524 τὸ
813 1454 884 1525 σὺν
902 1454 1019 1550 ξυνῆκ’
1033 1452 1118 1546 ἐγώ,

173 1567 423 1665 haudquaquam
444 1573 630 1643 necessaria
649 1585 700 1645 est
718 1597 814 1669 quam
833 1571 1012 1644 llleinelrius
1028 1572 1122 1645 Anal.
1138 1571 1238 1668 Soph.
1256 1596 1289 1668 p.

175 1685 467 1782 amputantem
487 1689 586 1761 habet
603 1690 806 1764 coniectura:
827 1693 884 1771 ’ὡς
901 1687 939 1760 τὸ
964 1687 1025 1761 τὸν
1047 1689 1164 1786 ξυνῆκ’
1181 1685 1292 1769 ἔπος.

173 1802 245 1874 Nun
261 1802 364 1876 solum
380 1805 463 1876 enim
478 1806 616 1878 hominis
632 1810 1108 1901 eausam‚ratiunes,sortunam
1121 1807 1203 1878 liaeo
1217 1832 1297 1904 pru·
1449 1821 1450 1890 ξ

175 1921 304 1994 nomina
314 1947 424 1993 verum
436 1922 532 1996 etiam
544 1925 761 1996 orationem
775 1923 908 1996 alterius
922 1925 1081 1996 interdum
1095 1924 1294 2020 significant3

175 2040 216 2110 cl.
238 2039 330 2112 Hom.
351 2039 385 2111 ll.
406 2041 428 2128 l,
450 2041 547 2114 526:
565 2039 608 2112 οὐ
629 2041 698 2133 γὰρ
721 2040 818 2133 ἐμὸν
841 2039 1091 2133 παλινάγρετον
1110 2039 1187 2112 ouu‘
1204 2038 1294 2110 ἀπα·

175 2155 277 2252 ταλὸν
290 2156 367 2228 οὐδ’
379 2157 617 2255 ἀτελεύτητον,
632 2158 695 2230 ὅτι
708 2183 768 2231 κεν
780 2160 917 2254 κεφαλῇ
929 2157 1146 2230 κατανεύσω.
1173 2157 1292 2229 Aesuls.

176 2276 289 2373 Agam.
305 2277 395 2348 550:
413 2275 448 2369 ql
461 2277 575 2348 νῦντὸ
592 2277 664 2352 σὸν
676 2279 722 2372 σὴ
739 2275 799 2348 καλ
812 2280 929 2348 θανεῖν
943 2275 1051 2371 πολλὴ
1065 2277 1181 2370 χάρις.
1211 2274 1293 2346 Plat.

175 2392 321 2490 Sophist.
338 2419 370 2489 p.
388 2394 471 2468 233.
488 2393 542 2464 B.:
564 2395 669 2490 δῆλον
691 2395 772 2486 γάρ,
797 2397 852 2475 ὡς
870 2392 904 2464 εἰ
920 2394 1013 2488 μήτε
1036 2392 1218 2485 ἀντέλεγον
1236 2390 1296 2482 ὀμ·

176 2515 255 2593 θῶς
271 2512 364 2606 μήτε
388 2509 534 2593 ἐκείνοις
554 2509 747 2606 ἐφαίνοντο,
775 2509 980 2606 μαινόμενοί
996 2533 1035 2581 τε
1057 2509 1090 2581 εἰ
1111 2509 1225 2605 μηδὲν
1247 2505 1294 2580 αὖ

19 2722 24 2734 s
173 2627 305 2736 μᾶλλον
329 2627 475 2702 ἐδόκουν
497 2630 555 2702 did
581 2629 642 2726 τὴν
665 2627 918 2726 ἀμφισβήτησιν
941 2625 1028 2703 εἶναι
1051 2627 1221 2721 φρόνιμοι,
1248 2625 1295 2698 τὸ

178 2746 254 2821 σιλν
275 2747 321 2842 δὴ
340 2751 493 2835 τοῦτο,
520 2749 630 2843 σχολῇ
648 2747 723 2820 ποτ’
740 2746 784 2818 ἂν
801 2745 918 2827 αὐτοῖς
933 2768 983 2826 τις
993 2745 1162 2838 χρήματα
1179 2741 1300 2822 dtdodc

116 2931 118 2936 ,
179 2864 307 2960 ἤθελεν
330 2863 373 2936 ἂν
396 2865 527 2936 τούτων
549 2863 665 2936 αὐτῶν
687 2863 855 2964 μαθητὴς
874 2865 1060 2955 &laudun
1095 2861 1136 2934 ul.
1156 2859 1297 2932 Stall-

180 2983 300 3054 baum.
318 2982 359 3052 ad
379 2981 409 3052 lr.
427 2981 447 3052 l.
476 2982 581 3078 Atque
600 2981 695 3052 etiem
714 2978 818 3076 Soph.
834 2979 883 3050 Al.
902 2979 1014 3050 1401:
1037 2975 1070 3048 εἰ
1089 2977 1131 3049 δὲ
1150 2979 1202 3072 μή
1224 2976 1297 3048 ἐστι

179 3097 235 3170 σαὶ
246 3097 342 3193 μιλον
356 3099 523 3190 πράσσειν
535 3097 611 3171 τάδ’
624 3095 727 3193 ἡμᾶς,
743 3094 824 3188 εἶμ’,
838 3094 1029 3175 ἐπαινέσας
1039 3093 1085 3165 τὸ
1097 3095 1185 3182 σόν,
1207 3107 1297 3166 reate

180 3218 325 3288 videmur
343 3215 550 3313 intellegere:
572 3216 674 3313 quod
697 3229 736 3287 tu
756 3215 893 3289 sentis.
930 3213 1001 3284 Nun
1020 3237 1118 3286 secus
1136 3213 1209 3287 Eur.
1226 3213 1291 3308 lph.

180 3333 252 3408 Aul.
264 3335 354 3406 810:
366 3333 517 3424 τούμὸν
531 3332 599 3425 μὲν
612 3329 674 3404 οὖν
687 3331 818 3407 udam
831 3329 896 3423 ἐμὲ
908 3330 1020 3424 λέγειν
1033 3331 1164 3425 χρεών.
1185 3330 1280 3402 1167
1288 3349 1297 3400 :

179 3451 291 3540 λέξον,
305 3450 340 3524 τί
347 3453 491 3546 paleam
508 3451 601 3548 ἢ’μὲ
614 3450 687 3547 χρὴ
701 3449 814 3542 λέγειν
827 3449 874 3520 τὰ
886 3449 949 3522 σά.
982 3449 1061 3520 lta'm
1073 3446 1191 3519 animi
1205 3471 1297 3520 sen·

182 3593 251 3640 sus
279 3568 466 3666 exprimitur
489 3569 563 3642 Eur.
588 3570 654 3642 lon.
683 3568 800 3642 1462:
828 3563 1151 3656 τούμὸνλέμσνσα
1174 3561 1297 3634 καὶτὸ

182 3685 252 3758 σὸν
269 3693 395 3769 κανῶς
408 3687 531 3780 λέγεις.
549 3683 704 3758 Similiter
717 3682 832 3770 Latini,
851 3697 885 3754 ut
902 3680 1006 3754 Plaut.
1021 3681 1110 3754 Tria.
1127 3681 1163 3770 ll,
1181 3683 1217 3770 4,
1235 3682 1299 3752 44:

183 3822 212 3876 et
234 3807 314 3876 milui
336 3808 490 3885 sententia
512 3806 682 3894 eademst,
706 3817 734 3874 οι
756 3803 840 3874 vulo.
877 3802 930 3872 La.
952 3803 1042 3874 laud
1063 3823 1158 3872 noenu
1182 3815 1297 3870 tuum.

184 3925 251 3996 Cic.
268 3925 309 3996 ad
323 3923 469 4012 AttVlll,
484 3926 518 4010 7,
533 3925 571 3992 2:
591 3923 687 4006 Quod
704 3921 790 3990 anim
806 3935 840 3996 tu
855 3941 975 3990 meum
991 3921 1118 4004 laudus,
1136 3933 1165 3988 et
1181 3940 1300 3986 mmo·

183 4046 325 4114 randum
347 4043 435 4129 dieis,
462 4042 557 4112 malle
580 4041 667 4132 quad
689 4038 856 4110 dixerim
878 4061 927 4106 ma
950 4060 1021 4106 σοαπ
1042 4037 1193 4126 Pompeio
1215 4035 1301 4106 vinei

186 4184 284 4252 quam
310 4183 380 4230 eum
405 4160 473 4231 istis
497 4160 633 4247 macera,
658 4180 716 4247 ιμο
742 4178 818 4232 aare
843 4156 940 4227 melo.
974 4151 1095 4247 Tetigit
1120 4151 1205 4226 laena
1231 4174 1299 4222 rem

186 4274 292 4347 Geel.
309 4275 351 4346 ad
369 4275 441 4346 Eur.
458 4275 581 4346 Phoen.
598 4274 683 4344 477.
699 4297 732 4367 p.
750 4271 833 4343 123.
