2900 4834
141 549 275 623 miratus
294 538 412 622 clamat
430 549 540 621 Herc
555 551 627 620 lur
645 549 809 622 1089:

243 663 398 759 ἔμπνους
416 665 484 759 μέν
510 665 576 758 εξαι
600 665 660 738 καὶ
685 665 829 760 δέδαρχ
852 665 971 757 ἅπερ
992 685 1051 756 με
1076 667 1163 754 δεῖ

242 781 373 876 αἰθέρα
398 782 520 855 τεκαὶ
544 791 609 881 γῆν
636 786 719 866 τόξα
745 785 782 856 δ’
797 779 910 856 Ἡλίου
936 783 1032 854 τάδε.

140 901 257 974 Facit
248 901 346 998 igitur
363 901 453 999 quud
471 927 530 974 eos
549 903 658 976 lacere
677 915 931 1003 consentaneum
950 913 1011 991 est,
1029 901 1084 998 qui
1108 926 1148 974 ex
1171 915 1263 976 tene·

139 1019 208 1091 bris
232 1018 437 1116 quibusdam,
463 1045 548 1116 quae
574 1021 678 1092 oculis
706 1019 845 1092 mentire
870 1019 996 1090 offusae
1022 1033 1125 1108 erant,
1157 1019 1263 1092 lucem
1365 1043 1367 1049 ·

140 1137 260 1209 subito
275 1135 461 1232 dispiciunt,
487 1137 597 1233 itaque
628 1138 735 1210 solent
766 1157 842 1210 esse
874 1138 981 1209 animo
1012 1136 1202 1233 perturbati,
1228 1150 1263 1209 ut

140 1278 246 1352 prope
269 1253 416 1324 dubitent
438 1253 480 1326 de
502 1253 543 1325 iis
567 1281 652 1352 quae
675 1255 859 1353 adspiciunt
879 1254 996 1327 oculis.
1028 1251 1096 1326 Sed
1115 1255 1263 1326 obscuri·

139 1397 199 1443 ora
217 1383 294 1442 sunt
311 1370 537 1463 verbedrrep
556 1395 613 1464 με
635 1374 718 1459 δεῖ,
736 1396 821 1469 quae
839 1371 1069 1468 interpretatus
1087 1370 1262 1469 Plluglri·

140 1506 205 1560 us:
237 1512 351 1582 ‚‚puue
375 1479 894 1584 euuumuipiluutemqua
919 1491 1006 1561 decet
1030 1493 1186 1582 uidere&
1205 1515 1262 1562 ex·

138 1605 263 1703 pressit
284 1604 415 1702 quidem
439 1607 633 1678 sententiam
657 1607 907 1706 haudquaquam
930 1607 1084 1703 ineptam,
1110 1607 1170 1694 sed
1187 1607 1261 1714 ipse

139 1722 276 1812 addidit,
307 1722 396 1817 quod
421 1735 519 1820 poeta
544 1724 781 1822 non'scripsit:
813 1749 955 1814 ‚murum
979 1715 1262 1819 vtqitanumqu‘er‘

139 1839 236 1938 Atqui
261 1838 392 1911 omissis
415 1840 471 1912 his
488 1842 683 1914 seutentiam
707 1842 820 1940 negari
839 1843 951 1940 nequit
967 1866 1117 1915 mancam
1135 1867 1211 1914 esse
1229 1855 1264 1915 et

138 1957 372 2056 imperfectam,
394 1971 481 2054 quae
503 1958 583 2030 satis
607 1957 750 2056 intellegi
769 1959 820 2030 vix
844 1959 958 2056 possit.
996 1959 1044 2032 Ac
1068 1985 1109 2032 ne
1126 1961 1260 2032 verbum

139 2074 216 2145 δεῖ
233 2074 364 2171 quidem
390 2085 500 2172 aptum
524 2075 759 2166 videturesse,
784 2075 878 2148 cuius
903 2076 977 2149 luco
1003 2077 1262 2174 exspectaveris:

140 2190 235 2284 ἅπερ
266 2190 394 2274 εἰκός
422 2217 470 2265 sc.
499 2190 583 2264 ἰδεῖν·
605 2189 767 2284 ἔμπνουν.
813 2195 905 2281 Quae
928 2193 1157 2266 Nauckium
1190 2195 1262 2270 sinu

140 2311 241 2383 dubio
259 2312 491 2411 perduxerunt,
510 2325 544 2384 ut
561 2326 778 2411 proponeret:

427 2427 487 2502 καὶ
511 2429 656 2525 δέδορχ’
674 2430 768 2535 ἅπερ
795 2429 961 2523 πάρος,

139 2546 321 2619 sententiae
338 2547 471 2645 quidem
488 2548 573 2620 bene
591 2547 800 2636 subveniens
822 2547 883 2618 vim
903 2561 1009 2619 tamen
1028 2549 1171 2621 asserens
1189 2576 1265 2623 ver·

139 2665 201 2736 bis.
230 2665 303 2751 Quo
321 2665 452 2737 nomine
470 2689 534 2737 non
553 2665 776 2762 reprehendes
796 2663 912 2762 opinor
925 2665 1010 2737 hanc
1028 2691 1133 2738 meam
1152 2693 1264 2741 emen-

141 2781 337 2855 dationemr·
400 2792 405 2823 ¹

220 2895 374 2991 ἔμπνους
384 2899 453 2992 μέν
471 2897 549 2992 epra,
567 2923 626 2970 και
616 2897 798 2995 δέδαρχ,
817 2897 841 2970 ἃ
859 2924 916 2992 πρ
925 2899 941 2972 l
944 2924 962 2971 ν
979 2925 1000 2994 γ
1004 2899 1108 2975 ἀεί
1118 2902 1186 2974 κτλ.

138 3013 394 3090 ΑΙῙΕΡΜΕΔΕΙ
414 3018 500 3091 cuim
528 3030 560 3090 et
588 3015 827 3090 ΑΠΡΙΝΓΑΕΙ
848 3017 939 3091 vides
964 3044 1061 3116 quam
1089 3019 1153 3093 siut
1179 2987 1265 3094 litte·

139 3159 249 3208 rurum
267 3136 378 3208 formis
396 3135 523 3208 similia.

216 3371 357 3446 Hercule
379 3373 422 3444 ed
444 3374 561 3446 mentis
584 3373 756 3446 sanitatem
778 3387 943 3465 revocato,
968 3374 1159 3474 Amphitruo
1182 3373 1264 3447 dicit

139 3491 246 3562 llere.
259 3491 274 3561 l
277 3493 353 3562 ur.1
362 3491 449 3563 109:
462 3489 638 3584 γέροντες,
652 3485 748 3562 ἔλθω
763 3496 831 3564 τῶν
844 3491 940 3585 ἐμῶν
952 3499 1070 3564 κακῶν
1083 3491 1208 3581 πέλαςς
1241 3491 1243 3496 ’

140 3607 192 3680 cui
211 3608 329 3680 chorus
347 3608 528 3705 respondet
593 3671 597 3678 .

298 3725 446 3798 cuttu:
459 3723 672 3819 κᾶγωγεσὺν
681 3724 746 3815 σαί,
752 3725 805 3822 μὴ
815 3724 973 3818 προδοὺς
984 3727 1059 3809 τὰς
1068 3725 1262 3822 συμφοράς.

140 3843 220 3915 Cum
244 3868 322 3915 vero
347 3843 390 3914 de
416 3841 520 3940 ipsius
544 3842 788 3940 Amphitruonis
811 3843 1048 3919 calamitatibus
1071 3845 1193 3918 chorus
1215 3842 1265 3915 lu-

140 3972 268 4057 quatur‚
292 3985 375 4058 quas
393 3959 446 4031 ille
465 3959 562 4032 modo
581 3960 659 4031 dixit
682 3963 765 4053 (τῶν
788 3959 901 4052 ἐμῶν
923 3968 1042 4034 κακῶν
1064 3959 1186 4053 πέλας)
1206 3985 1265 4032 ue-

142 4101 240 4150 cesse
259 4077 384 4150 videtur
402 4103 479 4150 esse
497 4078 664 4150 emendari

420 4194 472 4291 μὴ
499 4193 658 4288 προδοὺς
682 4197 759 4278 σὰς
783 4198 976 4293 συμφοράς,
1055 4189 1057 4192 ’

144 4312 233 4409 quud
252 4311 359 4410 ipsum
377 4311 621 4411 Lentingium
639 4313 702 4386 iam
721 4315 906 4390 coniecisse
921 4315 1089 4414 Plluglrius
1102 4313 1265 4386 indicauit.
