2900 4834
196 304 246 372 90

195 521 257 590 trio
272 532 378 592 autem
394 546 534 618 quonam
550 521 678 592 tandem
692 522 790 592 modo
803 543 853 592 συ
858 543 950 614 mco
956 519 1046 612 ρᾶς
1060 521 1141 593 ὁδοί
1154 522 1173 592 i.
1190 547 1220 593 e.
1236 545 1323 613 συμ-

194 638 311 732 φοραί
320 641 427 710 vocari
448 640 585 736 possint,
599 666 662 712 non
682 638 850 737 intellego.
868 639 981 736 Neque
994 639 1205 736 Hantungii
1220 639 1325 710 inter·

199 757 352 852 protetio:
387 761 578 852 „dreisocde
609 761 825 830 Rt'tckaickt
855 760 898 829 in
929 761 1016 828 dem
1048 759 1324 828 Verhdltoies

197 876 323 966 nothiyt
348 877 462 964 mich,“
489 900 584 971 quem
612 875 810 946 admodum
837 888 925 948 stare
952 875 1059 972 possit
1084 874 1189 945 video.
1239 872 1323 944 Sine

198 991 298 1062 dubio
325 993 357 1063 in
384 973 542 1064 vocabulo
568 997 754 1086 συμφορᾶς
772 993 883 1064 vitium
910 991 1042 1089 aliquod
1069 991 1158 1082 latet,
1183 1016 1248 1087 quo
1274 991 1323 1062 ita

197 1110 261 1180 nisi
285 1109 379 1181 fallor
398 1109 555 1183 liberatur
576 1111 692 1200 oratio,
719 1124 754 1183 ut
776 1135 837 1209 pro
858 1111 891 1182 Σ
896 1111 927 1181 Υ
924 1109 962 1182 M
965 1107 1125 1181 com
1143 1109 1323 1182 scaibatur:

105 1261 111 1279 ·
196 1226 463 1314 Σιννοικν,
488 1228 565 1301 ne.
1285 1215 1289 1230 '

352 1345 489 1436 τρισσαί
497 1345 532 1439 μ’
548 1346 779 1440 ἀναγκάζουσι
791 1343 1077 1428 συννοίαςύύοί
1084 1345 1167 1431 κτλ,
1255 1377 1261 1388 ·
1304 1419 1310 1424 ,

196 1488 297 1560 quam
315 1462 573 1537 emendationem
593 1465 729 1545 maxime
747 1487 824 1537 esse
842 1463 1055 1561 probabilem,
1074 1487 1170 1535 nemo
1187 1461 1324 1559 negabit

200 1581 314 1652 harum
344 1607 451 1653 rerum
481 1582 615 1678 peritae.
656 1582 685 1652 Φ
709 1583 802 1654 enim·
818 1594 953 1679 propter
976 1581 1218 1653 simitttndinem
1242 1579 1324 1650 sub-

199 1699 369 1796 sequentis
388 1699 512 1770 litterae
530 1698 555 1767 O
572 1699 706 1797 irrepsit
722 1698 885 1786 facillime,
903 1699 945 1771 de
964 1699 1082 1770 ceteris
1101 1711 1219 1788 autem,
1236 1721 1324 1795 quae

201 1816 300 1888 nihilo
325 1817 392 1890 iere
416 1817 498 1888 inter
521 1842 559 1889 se
582 1817 781 1913 discrepent,
809 1815 887 1888 nihii
915 1841 999 1914 opus
1026 1829 1079 1890 est
1101 1815 1234 1888 addere.
1275 1815 1324 1886 De

201 1960 282 2007 voce
313 1935 501 2006 σύννοια
533 1936 573 2007 ci.
598 1933 701 2032 Soph.
724 1935 797 2006 Ant.
823 1934 914 2006 279:
945 1936 968 2029 ἡ
1001 1933 1186 2014 ξύννοια
1213 1932 1323 2030 βου-

199 2051 327 2122 λεύει
345 2053 462 2124 πάλαι.
487 2054 534 2126 De
549 2052 759 2124 translatione
774 2052 915 2150 denique
928 2053 970 2124 ci.
986 2039 1090 2148 Sophss
1106 2049 1188 2122 Oed.
1204 2050 1241 2122 R.
1258 2050 1324 2121 67:

202 2169 333 2251 πολλὰς
355 2169 388 2240 d'
412 2170 543 2251 ὁδούς
565 2169 713 2241 ἐλύύντα
736 2155 987 2265 φροντίδος
1011 2168 1209 2249 πλάνοις.
1246 2167 1321 2238 Ευτ.

202 2287 311 2359 Orest.
327 2288 417 2360 632:
443 2286 610 2373 Μενέλαε,
634 2290 698 2358 ποῖ
713 2287 774 2359 σύν
797 2286 877 2358 πόδ’
897 2285 955 2356 ἐπὶ
977 2285 1158 2380 συννοίᾳ
1178 2284 1323 2373 κυκλεῖς,

201 2404 327 2499 διπλῆς
333 2403 505 2501 μερίμνης
516 2404 702 2500 διπτύχους
713 2403 773 2477 ἰὼν
787 2402 926 2492 edoce
945 2405 1022 2476 Hec.
1034 2406 1124 2476 744:
1142 2408 1213 2474 σῶν
1227 2401 1326 2472 ὁδὸν

198 2522 531 2621 βουλευμάτων.
566 2523 662 2622 Hipp.
688 2524 777 2596 390:
801 2523 892 2606 λέξω
918 2522 961 2594 δὲ
986 2521 1045 2594 καὶ
1069 2519 1124 2594 σοὶ
1149 2527 1213 2618 τῆς
1236 2519 1330 2617 ἐμῆς

200 2642 383 2738 γνώμης
403 2641 523 2712 cccv.
552 2641 698 2714 11).290.

278 2879 482 2975 Quamquam
507 2903 566 2973 per
589 2903 626 2948 se
649 2877 680 2948 ὦ
703 2884 781 2949 τᾶν
805 2879 882 2950 nihii
901 2879 999 2952 habet
1016 2876 1217 2966 ostensionis,
1235 2877 1324 2975 quod

202 2993 372 3092 quideme
396 2994 558 3066 communi
578 2994 661 3066 vitae
685 2996 919 3067 consuetudine
943 2995 1077 3093 petitum
1101 3019 1325 3092 non-spreve-

201 3125 276 3215 νυοὶ
302 3125 420 3210 poetae
447 3110 562 3210 tragici
591 3113 649 3203 (ci.
672 3109 774 3210 Soph.
799 3112 881 3184 Oed.
906 3113 1076 3186 R.1145.
1106 3112 1322 3185 Phit1387.

201 3228 331 3301 ΕΙτοεΙ.
348 3232 389 3301 ού
407 3231 481 3302 Ευτ.
497 3229 618 3304 Bacch.
633 3231 718 3303 801.
740 3227 962 3302 Doederlin.
978 3231 1020 3302 ad
1035 3229 1137 3328 Soph.
1154 3230 1236 3302 Oed.
1252 3228 1322 3304 Cot.

205 3347 314 3419 1163.
336 3347 482 3446 Pttugk.
498 3349 541 3421 ad
555 3349 628 3420 Eur.
646 3343 773 3420 Hereci.
791 3348 880 3437 322)
900 3360 1007 3420 tamen

279 3466 307 3535 H
314 3466 426 3538 eieci.
440 3467 524 3538 321:
538 3467 658 3561 πολλῷ
670 3466 704 3536 σ’
717 3464 850 3559 ἐπαίνῳ
868 3464 1071 3561 decime-‚da
1094 3463 1177 3553 τᾶν,
1198 3462 1309 3545 πέλας
1441 3509 1442 3526 t

542 3580 675 3680 ύῴηλὸν
695 3581 774 3673 ἀρῶ

201 3724 266 3772 noo
284 3700 381 3772 decet
399 3702 514 3798 opinor
532 3698 613 3773 ittud
630 3700 913 3804 Demophontis
929 3699 1176 3796 dignitatem,
1207 3700 1323 3770 Emen-
1441 3719 1442 3722 ’

202 3817 344 3890 dandum
363 3818 472 3915 potina
490 3833 559 3892 est:

356 3934 477 4028 πολλῷ
499 3935 533 4008 σ’
555 3919 688 4031 ἐπαίνῳ
716 3935 872 4032 omem,
896 3936 927 4008 ὦ
951 3938 1038 4024 παῖ,
1063 3935 1175 4016 πέλας

354 4051 489 4150 eoo
507 4052 598 4146 cc,

202 4171 393 4268 praesertim
417 4196 491 4244 cum
517 4174 656 4244 eundem
680 4172 937 4268 Demophontem
965 4171 1050 4244 idem
1077 4171 1183 4242 ioiaue
1209 4170 1324 4266 eppei·

203 4287 247 4362 iet
264 4313 292 4360 v.
310 4289 399 4362 381:
417 4288 449 4362 ὦ
467 4292 563 4378 nai,
590 4288 624 4360 τί
637 4311 699 4380 μοι
721 4287 879 4360 σύννοιαν
901 4285 1047 4380 ὄμμασιν
1068 4287 1190 4384 φέρων
1213 4288 1324 4383 ἥκεις
