2900 4834
148 518 246 614 igitur
264 515 326 586 iam
346 515 479 588 restituo
499 515 641 589 Helenae
659 513 857 588 orationem:
964 564 968 574 ι

264 632 447 727 φίλοςρίρ
465 631 557 704 ἐστιν
575 633 970 726 ὡςτόσιςγ’όμὲν
987 636 1147 706 όανιόν.

147 751 179 822 h.
198 776 228 822 e.
250 753 370 824 amicus
387 754 471 824 enim
489 769 532 823 est
549 752 629 822 milri
645 768 801 840 mortuus,
818 768 927 844 utpote
944 755 1088 824 maritus.

121 1051 125 1059 .
221 985 310 1057 Hel.
326 987 448 1060 1650:
474 985 608 1079 εἰςμὲν
627 987 697 1080 γὰρ
719 985 786 1058 ἀεὶ
809 975 866 1058 τόν
887 987 1045 1079 παρόντα
1066 990 1124 1059 νῦν
1139 991 1269 1084 χρόνον

290 1107 293 1112 ’
473 1105 588 1202 κείνην
612 1108 781 1178 κατοικεῖν
807 1108 912 1176 σοῖσιν
939 1106 978 1177 ἐν
1003 1106 1125 1198 όόμοις
1148 1105 1267 1204 ἐχρῆν.

144 1219 226 1292 Mira
241 1233 291 1293 est
306 1220 426 1294 locutio
440 1221 502 1304 εἷς
517 1221 588 1294 ἀεὶ
603 1221 673 1294 τὸν
691 1223 881 1315 παρόντα
900 1227 968 1294 νῦν
979 1223 1144 1318 χρόνον.
1170 1223 1269 1298 Nam·

146 1364 211 1435 que
231 1344 304 1431 „ud
320 1343 381 1412 troc
394 1365 545 1433 praesens
562 1343 709 1434 ιοιαραιιι
728 1354 761 1413 et
778 1343 838 1430 „in
857 1367 948 1415 omne
966 1342 1212 1436 tempur“.inter
1229 1367 1268 1414 se

10 1445 11 1448 ¹
147 1471 304 1554 puguant.
340 1458 454 1555 Neque
472 1459 580 1532 Orest.
598 1462 687 1533 207:
706 1463 733 1548 ἁΙ
743 1460 875 1551 μέλεος
890 1457 952 1539 εἰς
971 1458 1039 1530 τόν
1062 1459 1154 1532 αἰὲν
1175 1459 1267 1532 ἕλιαιι

140 1575 301 1668 χρόνον
332 1577 505 1676 quicquam
532 1578 676 1650 additum
705 1593 766 1667 est,
798 1603 905 1676 neque
930 1575 992 1646 ἀεί
1011 1577 1172 1650 adiectum
1199 1577 1266 1650 lon.

150 1693 265 1764 1349:
289 1699 402 1766 σῶσαι
420 1695 492 1766 τόδ’
509 1693 637 1792 εὕρημ’
653 1695 717 1778 εἷς
737 1694 804 1767 τόν
828 1693 926 1766 ὄντα
949 1698 1018 1767 νῦν
1033 1695 1198 1788 χρόνον.
1224 1697 1265 1767 cl.

142 1807 495 1908 Sophutnuuuzru
511 1813 701 1905 παρόντι
727 1818 801 1885 νῦν
819 1813 985 1907 χρόνῳ.
1005 1812 1264 1886 Bornamann.

146 1928 190 2000 ad
208 1926 292 2000 Xan.
308 1930 383 2026 Cyri
397 1929 524 2028 discipl.
541 1931 576 2020 ll,
590 1933 625 2022 4,
642 1933 698 2002 12.
720 1930 955 2004 Traiectionem
974 1926 1080 2002 a'utem
1094 1929 1266 2002 verborum

144 2046 173 2117 si
188 2047 275 2118 lorta
294 2060 430 2138 statuas,
447 2046 510 2117 ἀεί
522 2049 590 2119 lere
607 2047 695 2119 amni
707 2048 737 2118 vi
756 2060 854 2119 caret.
887 2049 996 2134 Quare
1014 2047 1167 2144 suspicor
1183 2047 1267 2120 scri·

145 2164 287 2236 bendum
305 2190 397 2238 esse:

247 2281 299 2363 εἰς
310 2282 377 2374 μὲν
394 2283 464 2376 γὰρ
482 2281 606 2355 αὐτόν
623 2282 682 2354 τόν
698 2284 855 2376 παρόντα
874 2286 931 2354 νῦν
944 2282 1074 2377 χρόνον
1090 2283 1159 2353 κτλ.

146 2399 264 2470 Vitium
284 2415 389 2472 autem
409 2401 450 2472 ita
470 2413 578 2471 natum
598 2413 659 2491 est,
682 2413 717 2472 ut
740 2401 813 2472 τόν
831 2401 921 2498 quod
936 2401 1095 2499 deinceps
1114 2401 1165 2472 bis
1184 2402 1268 2473 scri·

145 2518 287 2589 bendum
304 2529 386 2608 erat,
404 2517 506 2590 semel
525 2519 733 2591 scriberetur.

217 2755 293 2826 lou.
311 2754 394 2825 381:
412 2753 539 2825 πολλαί
550 2777 592 2846 γε
607 2754 745 2834 πολλοῖς
760 2752 824 2824 εἰσι
841 2753 1018 2847 συμφοραὶ
1032 2754 1183 2852 βροτοῖς,

411 2853 548 2965 μορφαὶ
561 2871 604 2942 dd
616 2869 855 2965 διαφέρουσιν·
875 2869 922 2941 ἓν
940 2871 974 2941 δ’
988 2870 1033 2942 ἂν
1047 2870 1193 2966 εὐτυχὲς

411 2989 513 3079 μόλις
535 2988 613 3060 τοτ’
636 2987 775 3082 ἐξεύροι
797 3009 848 3070 τις
867 2988 1068 3080 ἀνθρώπων
1089 2987 1188 3087 βίῳ.

144 3109 400 3204 Repraesentavi
426 3107 567 3204 quaein
591 3106 687 3179 codd.
714 3110 750 3178 B.
771 3120 804 3178 et
824 3110 857 3177 0.
879 3105 1045 3204 leguntur3
1071 3131 1133 3178 nac
1160 3119 1266 3179 tamen

145 3223 397 3321 neglegendum,
419 3225 450 3294 in
472 3224 545 3295 cod:
564 3228 596 3295 O.
614 3250 663 3322 pr.
679 3250 720 3293 m.
738 3224 896 3320 scriptum
914 3249 990 3296 essc
1008 3251 1037 3295 v.
1054 3225 1127 3296 383
1144 3223 1266 3319 βίον,
1285 3266 1289 3271 ·

145 3341 296 3438 idemque
322 3342 456 3413 inveniri
483 3342 570 3438 apud
598 3340 732 3414 Stobae.
755 3341 786 3412 ss.
810 3339 944 3427 XCVllL
966 3341 1025 3413 41.
1051 3341 1099 3412 lll.
1125 3368 1157 3439 p.
1182 3343 1267 3433 252,

140 3460 227 3531 unda
252 3459 473 3531 coniecturam
500 3483 621 3556 capere
654 3457 742 3549 lieu,
775 3483 838 3529 non
867 3457 1065 3531 ΕῙΤΥΧΕΟ
1088 3460 1266 3557 scripsisse

140 3590 272 3675 poetam
290 3577 350 3650 sed
369 3576 478 3674 potius
496 3573 672 3648 EYTYXH
683 3617 727 3628 --
741 3575 828 3675 βίον.
861 3575 956 3648 Nihili
973 3577 1060 3649 enim
1073 3577 1267 3666 laciendum,

144 3695 234 3792 qnod
252 3721 271 3766 a
290 3709 478 3767 correctore
496 3695 637 3792 quodam
655 3707 769 3791 aperte
787 3695 969 3792 proiectum
987 3707 1052 3766 est:
1076 3693 1123 3766 ἐν
1139 3693 1177 3764 δ’
1193 3692 1267 3764 εὐ·

142 3836 190 3883 το
196 3811 246 3908 χῖ
250 3836 321 3894 αις
345 3813 433 3910 apud
451 3813 589 3885 eundem
608 3811 795 3885 Stobaeum.
833 3812 923 3884 Haec
940 3812 968 3882 si
987 3824 1076 3886 reete
1094 3810 1268 3909 disputavi,

145 3943 332 4029 corruptum
351 3929 395 4000 ἕν
413 3955 490 4002 essa
507 3943 608 4027 patet,
632 3930 664 3999 in
684 3955 749 4027 quo
768 3929 961 4027 explicando
980 3928 1168 4001 Matthiae
1187 3955 1269 4025 cpe-

140 4073 211 4119 ram
241 4049 393 4146 perdidit.
432 4048 558 4119 Unam
588 4047 674 4118 enim
705 4047 974 4142 eandemque
1006 4046 1268 4119 felicitatem
1325 4141 1327 4150 X

142 4166 211 4237 sive
229 4166 475 4238 continuam
494 4164 682 4261 significare
701 4160 740 4234 ἓν
759 4162 905 4258 εὐτυχές
920 4189 1126 4262 nequaquam
1144 4177 1264 4261 potest.

146 4283 214 4356 Nec
241 4281 357 4354 melius
384 4281 609 4355 Rauseher.
639 4285 772 4370 (Ααιιοι.
796 4286 840 4353 ud
863 4285 921 4355 λοο.
946 4285 1070 4376 aliquot
1091 4284 1162 4354 Ion.
1184 4283 1265 4354 aar.
