2900 4834
1219 326 1266 396 65

154 577 217 650 qua
247 553 280 623 in
312 535 425 623 eadem
457 549 636 622 sententiae
668 548 958 646 comprehensione
990 544 1179 618 vocabulum
1212 547 1264 615 uni

104 704 109 712 ’
155 672 255 744 verbo
272 670 435 742 adiectum
453 669 587 740 idem-in
602 667 715 773 altero
725 667 918 740 audiendum
937 680 998 756 est,
1016 665 1109 736 cuius
1127 663 1264 736 breviio·

152 790 304 890 quentiae
330 789 412 861 baec
439 787 544 860 habeo
571 787 732 886 exempla:
758 785 860 884 Soph.
881 784 1058 858 611026ε
1085 781 1178 864 εδιδς
1196 783 1265 876 γδρ

152 907 428 1006 ἐγχειροῦντα
454 905 513 976 καὶ
537 908 738 998 πράσσειν
761 909 909 986 κακῶς.
946 901 1266 975 concrescens:

153 1025 195 1099 οδ
213 1025 311 1098 δεινὰ
329 1027 502 1120 πάσχειν
518 1021 736 1118 δεινδιτοδς
750 1021 1063 1117 εἰργασμένους.
1092 1021 1186 1093 Herc.
1204 1023 1262 1091 sor.

153 1146 242 1220 239:
269 1145 342 1238 ἐγὼ
368 1143 410 1214 δὲ
432 1140 575 1234 δράσω
599 1141 632 1212 σ’
657 1141 730 1213 ἀντὶ
752 1147 819 1212 τῶν
842 1141 974 1234 λόγων
994 1146 1142 1221 κανῶς.
1180 1138 1262 1212 Med.

101 1345 104 1352 ,
156 1265 267 1337 1302:
293 1263 407 1359 κείνην
428 1261 494 1355 μὲν
520 1257 584 1342 οὓς
613 1257 828 1353 ἔδρασεν,
861 1255 1074 1352 ἕρξοοσιν
1103 1263 1262 1339 κακῶς.

156 1367 201 1456 Ei.
219 1383 331 1455 1058:
358 1378 670 1473 oportuerea,
690 1386 817 1475 μῆτερ,
841 1363 901 1449 εἶτ’
923 1360 1076 1470 ἔρξεις
1097 1382 1265 1463 κακῶς

151 1499 257 1574 Orest.
273 1501 363 1574 560:
381 1497 541 1590 ἐμαυτόν,
560 1499 604 1595 ἢν
619 1497 734 1593 λέγω
761 1503 914 1578 κακῶς
934 1493 1078 1594 ἐκείνην,
1099 1494 1263 1588 ἐξερῶ·

150 1619 240 1701 λέξω
265 1619 298 1690 δ’
320 1617 425 1711 ὅμως.
451 1617 491 1688 cl.
507 1615 554 1688 El.
570 1617 659 1689 907:
681 1615 740 1687 τίν’
761 1615 874 1712 ἀρχὴν
897 1615 1021 1708 πρῶτά
1043 1615 1076 1686 c’
1098 1614 1270 1718 ἐξείπω

149 1745 318 1826 κακῶν,
345 1736 449 1818 ποίας
471 1735 650 1823 τελεοτάς;
678 1777 722 1788 -
751 1735 829 1808 Her.
854 1735 948 1809 8342.
971 1737 1091 1806 τοῦτον
1117 1735 1267 1815 καλῶς

150 1861 269 1951 δρῶν
287 1853 369 1929 ὄντα
386 1854 556 1952 κηδεστὴν
574 1853 679 1944 σέδεν
696 1852 895 1947 δράσεις.
924 1854 1025 1927 Thuc.
1041 1853 1077 1943 ll,
1091 1855 1150 1944 40,
1165 1854 1203 1924 4:
1221 1850 1263 1923 οὐ
1287 1834 1288 1838 ¹

149 1977 217 2072 γὰρ
239 1975 434 2069 πάσχοντες
454 1969 502 2044 εὖ
527 1971 613 2044 ἀλλὰ
636 1973 837 2066 δρῶντες
855 1973 1021 2066 κτῶμεδα
1038 1971 1121 2054 τοὺς
1135 1970 1261 2066 pctore.

48 2139 51 2144 ι
150 2093 259 2166 Exhis
277 2092 373 2189 igitur
387 2089 606 2190 quae-collegi
626 2091 706 2163 satis
725 2090 888 2189 putaveris
907 2091 971 2186 peti
991 2115 1090 2188 posse
1109 2089 1263 2189 praesidii

152 2211 195 2283 ad
213 2235 283 2282 eam
301 2210 455 2283 orationis
474 2211 659 2310 brevitatem
678 2209 840 2302 tuendam,
863 2235 947 2306 quae
966 2210 997 2281 in
1017 2208 1263 2280 Andromachae

154 2329 261 2402 verbis
274 2329 443 2401 annuenda
457 2333 532 2402 osse
546 2329 702 2402 videatur.
731 2326 837 2400 Nihilo
852 2328 955 2400 minus
970 2353 1068 2401 secus
1082 2353 1158 2400 esse
1172 2339 1260 2426 puto.
1347 2327 1348 2334 '

152 2449 212 2522 Hic
241 2449 325 2521 enim
352 2475 415 2520 non
443 2448 473 2518 in
500 2447 615 2520 eadem
640 2448 794 2520 enuntiati
823 2438 1114 2546 comprehensione
1131 2448 1263 2520 verbum
1320 2511 1323 2524 ς

150 2570 298 2642 iteratum
312 2579 428 2658 exstatp
439 2565 470 2638 in
485 2593 550 2665 quo
564 2568 759 2640 audiendum
774 2568 816 2639 sit
829 2568 1026 2659 adverbium,
1045 2567 1149 2639 sedin
1164 2569 1263 2637 novo

150 2701 200 2760 est
217 2687 392 2778 enuntiato,
410 2687 496 2783 quod
511 2687 552 2757 ad
566 2681 821 2759 confirmandum
834 2686 992 2757 adiicitur.
1030 2685 1190 2772 Quocirca
1205 2709 1263 2754 ne·

266 3011 307 3064 Et.
330 3011 409 3062 1170:
436 3005 546 3080 σχέτλια
571 3005 622 3072 μὲν
651 3004 798 3067 ἔπαδες,
826 3006 923 3060 ἀνόσια
950 3005 976 3058 δ’
998 3005 1158 3074 εἰργάσω.
1188 3008 1262 3073 Quae

134 3095 135 3102 ’
266 3103 392 3163 reputans
419 3095 556 3148 emendavi
584 3095 645 3147 oiim
672 3094 710 3160 (in
737 3091 844 3146 [sicinii
867 3091 976 3147 Archiv.
991 3087 1047 3146 Vol.
1064 3090 1139 3145 xvlt.
1159 3110 1183 3160 p.
1199 3093 1261 3156 296)

267 3180 348 3248 Sopb.
367 3179 433 3232 Oed.
453 3181 508 3256 cot.
526 3181 605 3232 1016:
625 3179 666 3238 ῶς
682 3179 708 3230 oi
725 3177 775 3244 μὲν
795 3176 1070 3247 ἐξειργασμένοι
1088 3174 1260 3233 σπεύδουσιν,

265 3263 345 3332 ἡμεῖς
367 3263 395 3314 δ>
412 3263 439 3314 οἱ
462 3263 641 3324 παθόντες
663 3263 791 3329 ἕσταμεν,
816 3281 893 3335 quam
913 3264 1122 3316 emendationem
1142 3262 1261 3330 plerique

267 3351 472 3418 comprobarunt
490 3350 570 3422 Soph.
587 3352 753 3427 interpretes.
783 3350 818 3402 hc
835 3349 963 3407 similiter,
982 3357 1009 3400 ut
1026 3349 1076 3400 boc
1094 3347 1198 3406 addam.
1217 3350 1262 3400 eti-

212 3502 217 3512 1
267 3445 308 3486 ¹am
330 3433 560 3489 Eur.0rest.461
581 3453 629 3506 pro
652 3433 737 3494 αἰδώς
756 3433 787 3499 μ’
806 3431 865 3504 ἔχει
885 3433 927 3491 εἰς
946 3429 1045 3496 ὄμματ’
1064 3429 1155 3484 &idcir
1177 3435 1260 3483 τοῖσιν

269 3509 565 3588 ἐξειργασμένοις
585 3523 611 3574 in
634 3521 699 3574 Ccd.
719 3521 756 3582 6.,
780 3520 850 3589 quod
870 3533 924 3572 rem
943 3519 1091 3572 accuratius
1110 3518 1261 3571 describere

266 3605 411 3666 ridebatur,
441 3609 568 3676 scriptum
598 3608 739 3675 antiquitus
769 3613 821 3659 est:
851 3601 1116 3673 ἡμαρτημένοις·
1152 3601 1204 3654 Sed
1227 3601 1261 3652 ad

266 3689 405 3744 Nauckii
424 3691 505 3743 redeo
524 3693 709 3749 coniecturam.
728 3706 796 3759 quae
815 3690 876 3742 iicet
892 3705 945 3741 non
964 3687 1133 3741 mediocriter
1146 3701 1178 3739 eo
1197 3704 1262 3755 quo·

265 3791 317 3846 que
343 3777 551 3833 commendetur,
575 3775 645 3844 quod
671 3776 864 3844 permiscentur
887 3790 903 3826 a
926 3773 1040 3825 librariis
1064 3787 1261 3840 nonnumquam

264 3859 378 3931 πάσχειν
398 3867 423 3912 et
440 3859 582 3927 πράσσειν,
603 3865 630 3910 ut
643 3859 702 3912 Eur.
716 3859 818 3912 heracl.
832 3861 872 3910 27.
891 3857 1014 3910 Androm.
1027 3857 1085 3908 tua.
1100 3857 1133 3910 ci.
1145 3855 1261 3908 Nauck.

265 3946 326 3998 Eur.
340 3945 414 3998 Stud.
426 3943 456 3998 11.
470 3963 496 4014 p.
508 3945 549 4004 75.
567 3945 718 3996 necessarie
737 3950 823 3996 tamen
841 3961 894 3996 non
908 3943 1090 4002 videturesse,
1108 3957 1166 3993 cum
1183 3941 1262 3993 libro·

266 4047 322 4090 rum
347 4029 503 4099 scripturam
528 4030 592 4082 satis
616 4029 681 4081 haec
704 4035 838 4082 tueantur:
861 4023 1186 4097 8ορ1.ΕΙ.1626;·εῑκὸς
1207 4023 1261 4093 γὰρ

266 4112 500 4182 ἐγχειροῦντα
517 4111 560 4164 καὶ
578 4112 746 4181 πράσσειν
764 4114 858 4171 κακῶς.
882 4113 1011 4166 naneti:
1029 4111 1062 4162 οδ
1079 4108 1133 4179 γὰρ
1151 4107 1260 4180 εἴχομεν

270 4193 330 4250 οὔτ’
343 4198 515 4268 ἀντιφωνεῖν,
529 4195 595 4252 οὔδ’
610 4197 686 4259 ὅπως
702 4198 858 4267 δρῶντες
873 4196 963 4258 καλῶς
978 4195 1181 4265 πράξαιμεν.
1200 4196 1261 4248 Eur.

265 4282 319 4335 nte.
331 4283 381 4335 atu
395 4302 449 4354 sq.:
469 4283 520 4354 ὁρᾷ
539 4285 571 4336 σὲ
589 4283 667 4349 κάμέ,
686 4282 735 4336 δύο
753 4285 842 4342 κακῶς
858 4279 1094 4351 πεπραγότας,
1114 4279 1194 4331 οὐδὲν
1213 4281 1260 4330 δε-

265 4365 315 4426 oric,¹
332 4367 371 4437 δρ
382 4369 533 4429 άσαντας
550 4369 615 4422 ἀνδ’
628 4370 693 4422 ὅταν
713 4371 799 4422 δονεῖ.
818 4399 852 4407 ν-

1059 4489 1074 4534 5
