2900 4834
181 317 252 388 100

255 537 333 606 Cum
354 559 392 604 ex
406 533 534 608 Teucro
552 536 701 627 audierit,
720 535 899 609 Menelaum
918 537 1069 637 Spartam
1089 541 1231 611 nondum
1249 565 1306 633 re·

178 653 290 742 disse,
308 653 354 722 sic
374 652 565 724 lamentatur
584 654 705 727 Helena

254 771 335 843 Hel.
354 770 446 843 125:
465 770 544 841 αἰαῖ
546 796 555 815 ·
574 771 681 843 κακὸν
699 771 771 844 τόδ’
789 771 892 854 εἶπας
907 771 960 855 σίς
974 773 1081 845 κακὸν
1099 775 1221 868 λέγεις.

178 890 219 960 Pl
225 889 350 986 lugkii
364 889 663 985 interpretationem
677 890 809 988 probari
823 917 886 962 non
901 916 1014 988 posse,
1032 894 1094 964 iam
1114 895 1303 967 Herman-

178 999 249 1077 nus
268 1007 355 1078 vidit.
375 997 505 1104 'Neque
525 1033 600 1078 vero
625 1008 794 1104 probanda
817 1008 971 1106 impedita
996 1011 1109 1080 summi
1128 1012 1223 1082 buius
1242 1011 1302 1082 viri

77 1207 79 1213 ¹
131 1129 136 1133 ’
180 1125 362 1223 explicatio.
399 1123 511 1196 Semet
533 1125 638 1222 ipsam
664 1125 817 1197 Helenam
840 1127 963 1215 dicere,
992 1127 1087 1200 facile
1110 1141 1209 1226 patet,
1236 1153 1302 1200 nee

179 1243 310 1314 difficile
328 1257 378 1316 est
395 1244 515 1316 dictum
534 1242 611 1316 illud
631 1245 796 1341 expedire,
815 1245 843 1315 si
862 1245 993 1342 quidem
1010 1247 1098 1342 quod
1118 1247 1148 1316 in
1168 1248 1241 1317 Par.
1260 1245 1298 1315 A.

179 1341 335 1460 scriptum
361 1373 464 1432 exstat
492 1361 763 1435 consideraveris.
808 1362 879 1433 Non
909 1361 1039 1455 λέγεις
1067 1364 1154 1436 enim
1180 1363 1224 1435 ibi
1250 1363 1301 1432 in-

177 1478 311 1569 venitur,
329 1478 389 1550 sed
405 1477 531 1573 λέγει,
551 1479 636 1550 unde
655 1477 774 1577 colligo
793 1481 970 1577 scripsisse
988 1495 1134 1578 poetam:

354 1595 439 1668 αἰαῖ·
457 1597 565 1668 κακὸν
583 1597 656 1669 τόδ’
673 1595 784 1686 εἴπας,
803 1597 856 1681 οἷς
870 1597 977 1670 κακὸν
991 1599 1121 1692 μέλει.

84 1779 89 1786 .
177 1714 400 1786 anteum:
418 1717 513 1810 ῆμῖν
530 1716 710 1788 δεσποτῶν
728 1715 848 1808 μέλει
870 1709 988 1789 κακά.
1019 1718 1204 1789 Evidentius
1218 1743 1301 1789 sane

177 1831 298 1904 Helena
315 1833 452 1905 diceret:
471 1831 523 1914 σίς
538 1833 660 1904 τάκεῖ
671 1833 813 1925 μέλει,
833 1834 894 1906 sed
908 1835 1091 1926 obscurius,
1105 1837 1183 1933 quid
1198 1837 1301 1908 senti·

177 1965 220 2042 at,
238 1952 498 2048 pronuntiantem
518 1951 668 2023 consulto
687 1953 812 2024 videtur
830 1966 927 2050 poeta
946 1978 1017 2024 eam
1036 1955 1165 2025 lenisse.

253 2124 344 2208 Quae
363 2120 454 2194 chori
473 2123 706 2195 consolationi:

350 2240 442 2311 πόλλ’
468 2240 510 2311 ἂν
536 2239 755 2333 γένοιτοκαὶ
779 2242 837 2312 διὰ
866 2241 1008 2338 preculam
1035 2237 1103 2338 ἔπη

177 2358 300 2430 Helena
319 2360 454 2456 opponit
1052 2341 1054 2346 ¹

255 2476 334 2549 Hel.
353 2479 442 2549 310:
459 2476 518 2548 καὶ
536 2455 703 2569 τᾶμπαλίν
720 2503 762 2571 γε
779 2485 835 2549 τῶ
846 2477 907 2549 νιλ’
924 2477 1096 2574 ἀληθείας
1111 2487 1220 2577 σαφῆ,

179 2595 255 2667 nihil
282 2610 422 2694 possunt
448 2597 633 2694 significare
659 2598 788 2688 nisitet
813 2624 887 2669 uero
913 2602 1112 2670 multavere
1137 2603 1298 2672 dicuntur.
1439 2623 1440 2644 ³

87 2743 89 2748 ·
115 2748 119 2757 ·
177 2716 286 2800 Quare
305 2716 468 2787 assentior
481 2715 745 2806 llirchhollio,
763 2717 817 2812 qui
837 2715 1011 2812 ἀλῆιίείᾳ
1029 2723 1125 2813 σαφῆ
1144 2719 1300 2790 emenda·

178 2833 231 2902 vit.
277 2832 346 2904 Nec
365 2847 469 2905 tamen
490 2835 625 2930 perlecit
642 2835 672 2904 is
690 2833 753 2904 loci
772 2834 1041 2906 emendationem.
1083 2834 1194 2942 Aegre.
1214 2835 1300 2906 enim

178 2950 382 3023 desideratur
407 2943 599 3042 subiectum,
626 2951 714 3049 quod
740 2952 871 3050 quidem
897 2951 992 3023 lacile
1019 2979 1037 3022 e
1064 2978 1144 3024 voce
1174 2951 1300 3022 ΤΟΝΔ

27 3148 30 3153 ,
178 3069 310 3140 eruitur.
356 3067 496 3166 Scripsit
518 3069 602 3152 enim
626 3069 798 3166 Euripides
822 3069 894 3139 sine
918 3069 1016 3140 dubio
1038 3067 1188 3171 noll,
1213 3071 1245 3141 h.
1268 3097 1297 3142 e.

353 3186 410 3258 καὶ
436 3184 603 3278 τᾶμπαλίν
626 3209 668 3281 γε
693 3185 803 3258 πόλλ’
825 3186 990 3282 ἀληθείᾳ
1011 3194 1119 3282 σαφῆ.

178 3307 226 3377 [le
244 3331 324 3377 voce
344 3303 564 3395 τᾶμπαλιν
583 3305 623 3375 el.
639 3304 758 3376 Aesch.
775 3305 881 3376 Prom.
900 3305 988 3375 202:
1006 3303 1042 3374 σί
1051 3304 1119 3396 μὲν
1136 3303 1302 3386 θέλοντες

180 3422 339 3521 ἐκβαλεῖν
357 3421 468 3514 ἕδρας
483 3421 629 3514 Κρόνον,
650 3465 694 3474 -
714 3423 751 3492 σί
764 3421 806 3492 δὲ
824 3421 1071 3512 τοῦμπαλιν
1089 3423 1303 3504 σπεύδοντες

179 3541 246 3613 κτλ.
274 3542 386 3637 Agam.
406 3541 517 3610 1424:
536 3539 600 3609 ἐὰν
617 3539 659 3609 δὲ
678 3538 901 3630 τοῦμπαλιν
917 3539 1040 3635 κραίνῃ
1058 3539 1155 3627 θεός,
1173 3542 1300 3633 γνώσει

178 3659 246 3730 κτλ.
275 3655 522 3729 Valckenaer.
538 3657 580 3728 ad
593 3656 667 3728 Eur.
685 3657 780 3754 Hipp.
798 3657 882 3730 388.
1008 3692 1012 3701 ·

256 3841 397 3914 Helenae
410 3842 618 3916 simulacrum
633 3855 805 3940 antequam
820 3843 862 3914 ad
877 3843 1003 3914 coelum
1018 3845 1197 3934 evolasset,
1215 3845 1301 3916 haee

179 3962 277 4034 verba
296 3961 415 4033 iecisse
433 3961 563 4031 nuntius
581 3974 691 4033 narrat
1201 3977 1207 3986 “

255 4077 340 4151 Hel.
357 4079 445 4150 612:
465 4077 537 4170 ἐγὼ
556 4077 589 4148 (λ’
606 4077 729 4174 ἐπειδὴ
744 4078 874 4174 χρόνον
892 4075 1001 4170 ἔμειν’
1018 4079 1100 4151 ὅσον
1119 4079 1160 4172 μ’
1177 4079 1299 4176 ἐχρῆν,
1439 4073 1440 4080 '

467 4196 505 4268 τὸ
515 4197 685 4289 μόρσιμον
699 4199 858 4285 σώσασα,
874 4197 1019 4288 πατέρ’
1036 4197 1082 4280 ἐς
1097 4196 1248 4290 οὐρανὸν

466 4314 594 4405 ἄπειμι.
