2914 4820
173 307 217 376 12

336 527 404 594 παῦ
421 523 455 592 (λ’
469 519 541 594 ἔστι
564 522 724 615 Τεῦκρος,
742 522 826 594 ια’πλ
843 529 896 618 τῷ
912 523 1005 616 λέγει
1023 525 1130 611 acide:

171 641 351 738 respondet
368 667 396 712 v.
417 640 510 713 798:
780 629 783 633 ⁴
1046 704 1053 712 .

336 759 482 850 πάρεστ’
497 756 629 840 ἐκεῖνος
645 756 740 850 ἄρτι·
759 760 864 854 τήνδε
881 760 914 830 δ’
929 756 1051 840 ἔξοδον

335 874 500 967 ὀλεθρίαν
517 874 661 957 Αἴαντας
676 875 802 956 ἐλπίζει
819 875 952 971 φέρειν.

65 1073 67 1078 ,
163 992 261 1063 ¹Haec
284 1005 335 1064 est
358 993 444 1064 enim
467 995 607 1064 omnium
632 993 785 1064 librorum
808 995 981 1090 scriptura,
1004 995 1048 1065 ita
1067 995 1197 1092 quidem
1215 1022 1292 1093 per-

171 1135 277 1199 versa‚
310 1123 343 1182 nt
366 1111 483 1208 quibus
507 1111 750 1184 difficultatibus
777 1111 903 1187 laboret
925 1097 1048 1202 oratio‚‘
1066 1113 1119 1182 vix
1142 1138 1226 1209 opus
1250 1114 1292 1185 sit

171 1226 320 1325 pluribus
339 1228 573 1302 demonstrare.
610 1229 678 1301 Nec
696 1229 831 1326 contigit
848 1226 1167 1320 Schneidewino,
1191 1244 1225 1302 ut
1242 1232 1293 1302 in·
1359 1221 1363 1230 ¹

171 1347 406 1442 terpretatione
423 1371 483 1418 sua
501 1344 606 1418 lucem
625 1347 776 1418 obscuris
795 1345 902 1417 vorbis
920 1346 1066 1418 afferret:
1089 1347 1177 1444 quod
1196 1361 1293 1444 puta·

173 1462 337 1534 batonim
362 1464 473 1535 vinde
496 1461 663 1560 Sophocle
687 1464 822 1560 egregie
845 1463 991 1552 meritus
1014 1460 1136 1544 ἔξοδον
1158 1463 1292 1558 ὀλεθρί-

171 1603 216 1650 αν
236 1621 281 1632 --
300 1580 421 1676 φέρειν
444 1581 627 1685 elegantius
645 1581 765 1653 dictum
784 1605 860 1652 esse
878 1606 939 1677 pro
963 1577 1086 1662 ἔξοδον
1109 1581 1175 1664 είς
1194 1579 1292 1654 ὄλε-

171 1701 288 1788 ιλραν
313 1697 444 1792 φέρειν,
472 1698 629 1795 exemplis
653 1697 811 1769 similibus
835 1699 1042 1794 comprobari
1066 1711 1204 1796 prorsus
1227 1725 1292 1772 non

172 1827 290 1912 potest.
319 1815 396 1912 Nec
413 1816 551 1913 proiecit
568 1815 744 1912 quicquain
760 1814 873 1886 labore
885 1840 952 1896 suo
973 1817 1011 1888 G.
1029 1816 1225 1908 WoiiiinS,
1243 1819 1293 1888 in·

173 1946 369 2030 terpretatus
384 1955 502 2032 nuper:
520 1959 555 2006 cr
568 1937 647 2032 hoffl
663 1961 706 2005 zu
723 1938 856 2028 melden,
874 1938 949 2006 ιίαιι
967 1939 1048 2006 dicas
1062 1937 1226 2028 Αιιιριίιια
1239 1939 1292 2006 ιλιι

172 2054 251 2149 Aias
273 2055 603 2146 nerderbenbrinpend
625 2055 679 2124 ια’.
724 2052 805 2124 Nam
832 2053 887 2149 qui
913 2077 1079 2150 sperare
1104 2052 1231 2142 dicitur,
1254 2075 1291 2122 se

174 2169 391 2241 nuntiaturum
406 2195 493 2261 esse,
512 2171 540 2241 is
556 2170 656 2242 credo
669 2170 812 2242 incertus
827 2184 888 2260 est,
908 2184 1012 2242 utrum
1027 2170 1173 2241 nuntiare
1187 2169 1313 2266 possit·

173 2312 235 2358 nec
248 2307 304 2358 ne:
322 2287 493 2359 nectriste
511 2288 684 2384 quicquam
702 2285 858 2358 allaturus
876 2299 937 2377 est,
952 2286 1012 2358 sed
1030 2311 1095 2384 quo
1114 2286 1294 2358 oblectetur

159 2391 311 2474 'animus
354 2402 421 2476 Sed
439 2404 521 2476 satis
539 2404 603 2474 iam
621 2403 769 2475 refutavit
786 2404 846 2478 ista
865 2404 1168 2481 Rauchenstein.
1195 2405 1291 2495 (Aac.
1385 2427 1388 2432 ·

170 2525 250 2614 phil.
275 2539 304 2593 et
327 2525 467 2614 poedop.
496 2525 562 2592 Vol.
584 2521 643 2592 79.
668 2546 701 2616 p.
722 2510 822 2610 733).
871 2521 904 2591 ln
932 2521 994 2592 hac
1021 2521 1119 2617 igitur
1144 2521 1293 2592 codicum

175 2639 357 2735 scripturae
376 2639 575 2710 obscuritate
593 2617 679 2710 hand
698 2639 793 2742 pauci
813 2639 1019 2736 interpretes,
1037 2650 1071 2709 ut
1088 2639 1256 2708 Diodori
1259 2638 1294 2707 i·

172 2781 237 2846 ns,
261 2756 513 2846 wunnerus,
539 2739 806 2853 Hartungius
832 2757 989 2855 singulari
1016 2757 1158 2855 quodam
1184 2757 1294 2842 favore

173 2875 340 2970 prosecuti
360 2887 434 2946 sunt
452 2874 597 2946 Bothii
616 2874 854 2946 coniecturam:

580 2991 581 2994 ’
735 2992 840 3085 spade
857 2991 890 3058 (ι’
905 2985 1028 3072 ἔξοδον

394 3107 560 3200 ὀλεθρίαν
575 3105 719 3188 Αἴαντος
734 3105 901 3187 ἐλπίζειν
918 3107 1065 3202 φέρει,

174 3229 267 3300 cuins
290 3228 472 3300 sententiae
497 3227 639 3323 denique
664 3225 850 3297 accessisse
877 3219 973 3298 etiarn
996 3226 1295 3316 Hermannum‚

174 3346 279 3443 quiin
298 3349 395 3417 Dior.
413 3348 473 3416 litt.
490 3345 613 3436 nunqu.
632 3343 739 3416 1838.
756 3369 787 3440 p.
805 3342 877 3414 397
902 3355 992 3416 recte
1016 3369 1087 3416 earn
1111 3342 1296 3432 refutasset,

174 3489 255 3536 sane
277 3477 329 3535 est
351 3462 439 3559 quod
462 3461 610 3532 mireris·
638 3461 750 3557 inepte
774 3460 871 3551 enim,
894 3461 956 3532 nisi
981 3485 1033 3532 me
1056 3460 1146 3552 fallit,
1165 3460 1294 3532 nuntius

174 3580 369 3678 respondet:
387 3581 546 3660 nuntiat
563 3581 710 3671 Teucer,
732 3603 771 3648 ιι
787 3595 965 3670 metuere,
987 3605 1027 3651 ue
1042 3585 1186 3674 funestus
1203 3581 1297 3652 Aiaci

173 3701 214 3770 sit
232 3701 284 3770 iric
302 3701 416 3788 ιαιαιι,
434 3696 647 3794 interroganti
665 3695 881 3768 Tecmessae:
903 3695 987 3768 κάπὶ
1009 3702 1062 3790 τῷ
1078 3695 1171 3789 λέγει
1193 3693 1296 3784 redde:

175 3817 212 3907 (i.
228 3842 257 3887 e.
269 3815 322 3912 μὴ
341 3813 480 3910 ἀφιέναι
493 3813 634 3906 μόνον),
652 3837 724 3884 cnm
739 3813 1005 3909 respondendum
1019 3814 1048 3886 ei
1063 3814 1120 3886 sit:
1133 3816 1296 3909 occepit,

175 3936 346 4025 audiuit,
364 3935 533 4004 exitiosum
555 3935 648 4005 Aiaci
662 3938 734 4028 (ore
751 3936 835 4005 λιαι
852 3937 982 4024 emitum,
999 3947 1069 4007 aut:
1091 3937 1241 4028 metuit,
1258 3959 1298 4007 ιιι

173 4054 214 4124 sit
230 4057 372 4146 ιααιιιαι
385 4054 478 4123 Aiaci
494 4054 609 4124 esitus.
640 4050 708 4123 Sed
727 4051 806 4148 quid
824 4075 909 4148 opus
928 4064 979 4123 est
996 4047 1104 4149 plura!
1122 4051 1297 4124 Veniamus

175 4169 218 4242 ad
235 4169 625 4260 Raucheusteinium‚
648 4168 740 4240 cuius
759 4169 997 4240 coniecturam:
1020 4165 1143 4249 ἔξοδον
1164 4167 1298 4260 ὀλεθρί-

177 4313 221 4362 αν
243 4287 386 4386 Αἵαντρς
407 4287 532 4369 ἐλπίζει
557 4287 724 4381 τρέπειν
746 4288 954 4378 vehementer
977 4287 1117 4360 laudavit
1139 4285 1296 4360 Piderit.
