2900 4834
183 272 232 342 96

181 489 273 562 salus
300 489 330 558 in
359 487 410 558 his
436 487 595 582 angustiis
623 501 760 585 petatur.
798 488 909 586 Neque
940 487 1037 584 longe
1060 513 1099 558 ea
1125 486 1310 584 repetenda

166 621 243 680 est.
280 609 471 703 Corrupturn
487 607 572 678 enirn
588 605 789 678 librariorum
804 606 973 678 inscientia
989 605 1038 676 vel
1058 605 1184 676 incuria
1202 617 1314 676 exstat

540 721 689 815 MHME
698 723 817 794 ΝΟΥΝ
826 723 854 792 Τ
854 723 900 804 Α,
929 724 1021 795 cuius
1053 721 1127 794 lncc
1156 723 1311 794 scriben-

183 838 876 912 uumsinedubioestMHtEttoNTA
1218 838 1223 848 “

314 959 347 1029 lr.
364 983 394 1028 e.
410 961 463 1038 ὡς
474 957 608 1052 μηδὲν
626 955 724 1028 ὄντα
742 955 848 1028 τᾶλλα
865 981 920 1028 σοι
936 955 1048 1050 λέγειν
1065 956 1175 1048 πάρα.

182 1075 292 1147 Habes
315 1075 495 1146 orationem
520 1099 604 1172 quae
622 1075 772 1149 omnibus
790 1075 869 1147 [luat
885 1073 1127 1146 difficultatibus
1145 1073 1246 1145 libera
1265 1099 1309 1144 ac

181 1193 301 1264 soluta.
348 1192 438 1264 Haec
453 1167 541 1264 'enirn
560 1192 624 1264 iarn
642 1193 769 1265 exsistit
786 1191 863 1264 lnlai
882 1191 1061 1264 sententia:
1079 1215 1141 1284 per
1162 1217 1211 1262 mc
1235 1194 1309 1263 licet

182 1313 241 1382 tibi
259 1317 574 1404 ceteraenprornerc,
592 1327 632 1380 ut
651 1336 748 1403 quac
765 1313 883 1383 nihili
900 1313 993 1399 sint,
1014 1311 1118 1380 niltil
1131 1311 1310 1404 prosici-

182 1443 260 1499 nnt.
293 1427 341 1498 Αο
359 1453 400 1500 ne
419 1428 460 1502 de
479 1429 529 1500 his
548 1453 632 1524 quae
651 1429 745 1525 posui
766 1415 969 1516 dubinsen
993 1427 1095 1498 allero
1118 1425 1308 1524 Sophoclea

184 1545 237 1616 illa
261 1545 352 1618 Aiac.
377 1545 490 1620 1275:
517 1547 587 1641 ἤδη
615 1544 657 1616 τδ
680 1545 813 1640 μηδὲν
838 1543 960 1626 ὄντας
983 1543 1022 1615 ἐν
1047 1549 1162 1640 τροπῇ
1187 1545 1307 1637 δορός,

184 1663 276 1736 cuius
290 1663 421 1759 generis
436 1662 527 1760 plura
543 1661 674 1755 collegit
687 1661 917 1736 Stallbaurn.
933 1663 974 1734 ad
989 1661 1071 1734 Plat.
1085 1662 1177 1760 Apol.
1194 1689 1227 1759 p.
1243 1665 1311 1734 41.-

183 1781 232 1870 E.‚
252 1805 358 1875 neque
377 1780 531 1852 abstinuit
549 1780 588 1850 iis
607 1780 789 1876 Euripides
808 1781 861 1878 qui
876 1780 958 1877 ipsis
973 1780 1095 1852 neutris
1109 1780 1188 1851 illud
1201 1779 1309 1852 οὐδέν

134 1912 135 1917 ’
184 1913 218 1970 et
231 1897 345 1994 ρηδὲν
363 1897 496 1986 addidit
520 1911 554 1970 ut
572 1899 694 1970 Phcen.
716 1899 805 1970 403:
829 1898 876 1969 τδ
895 1905 963 1970 τῶν
980 1897 1088 1992 φίλων
1105 1898 1139 1968 δ’
1158 1897 1305 1986 οὐδὲν,

184 2017 228 2112 ἤν
246 2039 275 2097 ,τι
292 2013 472 2110 δοσποχης.
494 2015 542 2086 ΕΙ.
556 2015 645 2090 940:
664 2016 711 2086 τδ
729 2015 762 2086 δ’
779 1996 904 2087 οὐδὲν
922 2015 1018 2111 εἰμὴ
1034 2014 1173 2114 βραχδν
1189 2016 1307 2112 ὁμιλῆ-

159 2223 166 2234 ,
183 2156 242 2202 σαι
250 2132 389 2228 χρόνον.
411 2131 589 2204 Troum:
608 2133 698 2224 ἀτὰρ
713 2133 759 2204 τδ,
778 2134 907 2224 σερνδ
920 2132 979 2204 καί
992 2135 1183 2228 δοκήμασιν
1196 2133 1307 2227 σοφὰ

183 2249 287 2321 οὐδὲν
310 2274 339 2321 τι
362 2248 512 2341 κρείσσω
539 2256 618 2320 τῶν
644 2249 687 2320 τδ
709 2250 844 2345 μηδὲν
870 2249 914 2346 ἦν
937 2249 1020 2342 ἄρα.
1050 2251 1139 2322 613:
1162 2251 1238 2342 δρῶ
1261 2250 1306 2320 τὰ
1441 2249 1442 2256 ’

186 2373 254 2437 τῶν
272 2370 380 2452 δεῶν,
399 2369 453 2446 ὡς
468 2367 510 2436 τιλ
524 2366 591 2458 μὲν
610 2367 778 2470 ποργοῦδ
799 2365 886 2454 ἄνω,
905 2368 952 2438 τδ
966 2357 1100 2463 μηδὲν
1117 2366 1232 2454 ὄντα,
1257 2367 1309 2437 rel

183 2483 224 2553 δὲ
243 2482 400 2554 δοκοῦντ’
416 2483 614 2556 ἀπώλεσαν.
643 2485 953 2582 lph.Taur.1057:
975 2484 1035 2556 καί
1057 2483 1147 2576 τᾶμ’
1170 2483 1208 2556 ἐν
1230 2487 1306 2576 ὑμῖν

184 2599 273 2672 ἐστιν
296 2601 320 2696 ἢ
342 2601 461 2682 καλῶς
482 2596 573 2695 ἔχειν
596 2602 619 2697 ἢ
638 2601 772 2698 μηδὲν
796 2599 903 2672 είναι
925 2601 984 2672 καί
1006 2607 1222 2699 στερηθῆναι
1240 2605 1305 2674 πά·

183 2742 279 2810 τρας.
308 2719 348 2790 cl.
366 2718 434 2790 Del.
451 2720 554 2816 epigr.
572 2720 623 2792 ed.
639 2721 765 2792 tacobs.
781 2719 933 2813 th.‚43,
949 2724 981 2792 1.
998 2727 1047 2819 [p.
1066 2723 1173 2810 242J:
1192 2720 1304 2792 ποίντα

179 2835 298 2928 γέλως
316 2833 375 2906 καί
397 2836 510 2921 πάντα
532 2837 625 2918 κόνις
644 2836 704 2909 καί
729 2839 863 2909 πάντα
891 2837 933 2908 τδ
955 2839 1099 2934 μηδὲν.
1138 2839 1303 2912 Plutarch.

185 2952 386 3049 Philopoern.
406 2953 470 3023 19:
493 2953 648 3049 ἠλέησαν
667 2955 866 3025 οἱπλεῖστοι
883 2954 942 3025 καί
959 2957 1189 3052 συνήλγησαν,
1212 2957 1306 3027 ὥστε

182 3067 242 3140 καί
258 3071 429 3160 δακρῦσαι
447 3069 506 3141 καὶ
523 3071 584 3167 τὴν
603 3070 825 3167 ἀνθρωπίνην
844 3071 1071 3166 ἐκφλαυρίσαι
1088 3075 1230 3164 δύναμιν
1253 3079 1307 3156 ὡς

183 3186 326 3261 ἄπιστον
342 3187 402 3260 καί
419 3188 462 3262 τδ
476 3190 610 3286 μηδὲν
627 3186 767 3262 οὖσαν.
789 3191 926 3264 Nauck.
939 3195 1012 3264 Eur.
1022 3190 1115 3264 Stud.
1127 3193 1162 3264 ll.
1174 3195 1300 3289 p.144.

1441 4405 1442 4448 ι

259 3423 365 3496 Iolaus
375 3438 545 3498 senectute
554 3429 722 3500 conlectus
733 3409 806 3498 curn
815 3427 965 3498 omnibus
973 3427 1094 3497 viribus
1104 3427 1303 3500 contendere

109 3617 111 3624 ,
183 3543 245 3614 sibi
257 3542 414 3634 videatur,
433 3543 516 3615 adeo
531 3543 665 3640 impellit
677 3545 826 3616 comitem
841 3545 1032 3631 ministrum,
1053 3558 1086 3615 ut
1101 3545 1241 3635 festinet,
1262 3571 1303 3618 ne

183 3660 689 3757 seroadcertarnenipseveniat.
714 3661 821 3759 Atque
832 3661 1224 3760 hurtantiillerespondet

260 3777 405 3848 Heracl.
415 3779 503 3851 733:
516 3779 558 3849 σύ
568 3802 619 3850 τοι
627 3778 826 3876 βραδύνεις,
840 3778 925 3850 κοίνκ
937 3778 1021 3872 ἐγώ,
1036 3781 1150 3850 δοκῶν
1161 3804 1191 3856 τι
1201 3781 1301 3872 δρᾶν,

182 3919 266 3991 quac
289 3893 332 3965 ita
357 3895 558 3967 emendanda
583 3896 657 3967 duxi
681 3898 739 3986 (cl.
760 3901 842 3968 Ana.
862 3900 944 3989 phil.
970 3915 998 3968 ιι
1019 3902 1112 3990 perd.
1138 3898 1245 3970 1864.
1268 3923 1300 3995 p.

182 4011 284 4100 326),
302 4024 336 4082 ut
349 4011 556 4084 scribendum
576 4015 777 4110 suspicarer:

325 4129 368 4199 σύ
387 4153 437 4201 τοι
451 4130 650 4230 βραδύνεις,
668 4130 755 4202 κούκ
773 4131 857 4225 ἐγώ,
875 4133 990 4203 δοκῶν
1007 4139 1157 4224 περᾶν,

182 4271 244 4341 qua
261 4247 447 4320 coniectura
463 4251 642 4321 sententiae
657 4249 773 4320 rationi
789 4273 852 4320 non
870 4249 1077 4322 mediocriter
1091 4251 1209 4346 upinnr
1223 4275 1303 4320 ccn-
