<?xml version="1.0" encoding="UTF-8"?>
<!DOCTYPE html PUBLIC "-//W3C//DTD XHTML 1.0 Transitional//EN"
    "http://www.w3.org/TR/xhtml1/DTD/xhtml1-transitional.dtd">
<html xmlns="http://www.w3.org/1999/xhtml" xml:lang="en" lang="en">
 <head>
  <title>
</title>
<meta http-equiv="Content-Type" content="text/html;charset=utf-8" />
  <meta name='ocr-system' content='tesseract 3.04.00' />
  <meta name='ocr-capabilities' content='ocr_page ocr_carea ocr_par ocr_line ocrx_word'/>
</head>
<body>
  <div class='ocr_page' id='page_1' title='image "./analectasophocl00schmgoog_0024.png"; bbox 0 0 2914 4820; ppageno 0'>
   <div class='ocr_carea' id='block_1_1' title="bbox 1234 297 1280 370">
    <p class='ocr_par' dir='ltr' id='par_1_1' title="bbox 1234 297 1280 370">
     <span class='ocr_line' id='line_1_1' title="bbox 1234 297 1280 370; baseline -0.043 0"><span class='ocrx_word' id='word_1_1' title='bbox 1234 297 1280 370; x_wconf 81' lang='lat'>13</span> 
     </span>
    </p>
   </div>
   <div class='ocr_carea' id='block_1_2' title="bbox 152 514 1282 738">
    <p class='ocr_par' dir='ltr' id='par_1_2' title="bbox 152 514 1282 738">
     <span class='ocr_line' id='line_1_2' title="bbox 163 514 1281 616; baseline -0.005 -24"><span class='ocrx_word' id='word_1_2' title='bbox 163 525 259 611; x_wconf 81' lang='lat' dir='ltr'>(Aoo.</span> <span class='ocrx_word' id='word_1_3' title='bbox 275 523 358 613; x_wconf 75' lang='lat' dir='ltr'>pun.</span> <span class='ocrx_word' id='word_1_4' title='bbox 379 537 409 591; x_wconf 84' lang='lat' dir='ltr'>et</span> <span class='ocrx_word' id='word_1_5' title='bbox 424 523 519 613; x_wconf 85' lang='lat' dir='ltr'>poed.</span> <span class='ocrx_word' id='word_1_6' title='bbox 535 518 606 591; x_wconf 88' lang='lat' dir='ltr'>Vol.</span> <span class='ocrx_word' id='word_1_7' title='bbox 627 520 687 591; x_wconf 84' lang='grc'>81.</span> <span class='ocrx_word' id='word_1_8' title='bbox 708 545 740 616; x_wconf 92' lang='lat' dir='ltr'>p.</span> <span class='ocrx_word' id='word_1_9' title='bbox 760 519 858 612; x_wconf 85' lang='lat'><em>237).</em></span> <span class='ocrx_word' id='word_1_10' title='bbox 896 518 1002 590; x_wconf 83' lang='lat' dir='ltr'>Nihilo</span> <span class='ocrx_word' id='word_1_11' title='bbox 1020 517 1123 588; x_wconf 88' lang='lat' dir='ltr'>setius</span> <span class='ocrx_word' id='word_1_12' title='bbox 1141 514 1281 588; x_wconf 75' lang='lat' dir='ltr'>debilem</span> 
     </span>
     <span class='ocr_line' id='line_1_3' title="bbox 152 636 1282 738; baseline 0 -30"><span class='ocrx_word' id='word_1_13' title='bbox 152 639 257 738; x_wconf 70' lang='lat' dir='ltr'>unco.</span> <span class='ocrx_word' id='word_1_14' title='bbox 289 638 413 710; x_wconf 84' lang='lat' dir='ltr'>Etenim</span> <span class='ocrx_word' id='word_1_15' title='bbox 431 650 522 710; x_wconf 86' lang='lat' dir='ltr'>recte</span> <span class='ocrx_word' id='word_1_16' title='bbox 540 637 669 734; x_wconf 88' lang='lat' dir='ltr'>quidem</span> <span class='ocrx_word' id='word_1_17' title='bbox 688 637 813 710; x_wconf 87' lang='lat' dir='ltr'>diceret</span> <span class='ocrx_word' id='word_1_18' title='bbox 831 636 978 709; x_wconf 90' lang='lat' dir='ltr'>nuntius:</span> <span class='ocrx_word' id='word_1_19' title='bbox 996 639 1082 708; x_wconf 82' lang='lat' dir='ltr'>iubet</span> <span class='ocrx_word' id='word_1_20' title='bbox 1099 637 1188 706; x_wconf 82' lang='lat' dir='ltr'>domi</span> <span class='ocrx_word' id='word_1_21' title='bbox 1203 638 1266 708; x_wconf 84' lang='lat' dir='ltr'>reti</span> <span class='ocrx_word' id='word_1_22' title='bbox 1272 672 1282 684; x_wconf 68' lang='lat'>⁴</span> 
     </span>
    </p>
   </div>
   <div class='ocr_carea' id='block_1_3' title="bbox 160 752 1283 850">
    <p class='ocr_par' dir='ltr' id='par_1_3' title="bbox 160 752 1283 850">
     <span class='ocr_line' id='line_1_4' title="bbox 160 752 1283 850; baseline -0.003 -23"><span class='ocrx_word' id='word_1_23' title='bbox 160 759 231 828; x_wconf 79' lang='lat' dir='ltr'>neri</span> <span class='ocrx_word' id='word_1_24' title='bbox 256 759 395 849; x_wconf 73' lang='grc' dir='ltr'><em>Δίοισιν,</em></span> <span class='ocrx_word' id='word_1_25' title='bbox 426 759 581 850; x_wconf 79' lang='lat' dir='ltr'>quoniam</span> <span class='ocrx_word' id='word_1_26' title='bbox 608 797 654 808; x_wconf 85' lang='lat'>--</span> <span class='ocrx_word' id='word_1_27' title='bbox 683 755 765 828; x_wconf 86' lang='lat' dir='ltr'>haec</span> <span class='ocrx_word' id='word_1_28' title='bbox 791 754 1065 832; x_wconf 43' lang='lat' dir='ltr'>enimxnudicnda</span> <span class='ocrx_word' id='word_1_29' title='bbox 1092 752 1283 825; x_wconf 84' lang='lat' dir='ltr'>necessario</span> 
     </span>
    </p>
   </div>
   <div class='ocr_carea' id='block_1_4' title="bbox 55 871 1284 965">
    <p class='ocr_par' dir='ltr' id='par_1_4' title="bbox 55 871 1284 965">
     <span class='ocr_line' id='line_1_5' title="bbox 55 871 1284 965; baseline -0.004 -21"><span class='ocrx_word' id='word_1_30' title='bbox 55 873 59 878; x_wconf 78' lang='grc'><strong>’</strong></span> <span class='ocrx_word' id='word_1_31' title='bbox 161 887 237 944; x_wconf 88' lang='lat' dir='ltr'>sunt</span> <span class='ocrx_word' id='word_1_32' title='bbox 257 915 300 926; x_wconf 89' lang='lat'>-</span> <span class='ocrx_word' id='word_1_33' title='bbox 322 875 455 944; x_wconf 71' lang='lat' dir='ltr'>exitium</span> <span class='ocrx_word' id='word_1_34' title='bbox 475 889 582 964; x_wconf 80' lang='lat' dir='ltr'>sperat</span> <span class='ocrx_word' id='word_1_35' title='bbox 604 875 652 944; x_wconf 79' lang='lat' dir='ltr'>ito</span> <span class='ocrx_word' id='word_1_36' title='bbox 670 877 842 964; x_wconf 75' lang='lat' dir='ltr'>prohibere</span> <span class='ocrx_word' id='word_1_37' title='bbox 864 897 1007 965; x_wconf 72' lang='lat' dir='ltr'>sepone</span> <span class='ocrx_word' id='word_1_38' title='bbox 1030 875 1073 944; x_wconf 85' lang='lat' dir='ltr'>ab</span> <span class='ocrx_word' id='word_1_39' title='bbox 1094 874 1209 945; x_wconf 76' lang='lat' dir='ltr'>Aiacez</span> <span class='ocrx_word' id='word_1_40' title='bbox 1232 871 1284 940; x_wconf 88' lang='lat' dir='ltr'>in·</span> 
     </span>
    </p>
   </div>
   <div class='ocr_carea' id='block_1_5' title="bbox 104 988 1299 2615">
    <p class='ocr_par' dir='ltr' id='par_1_5' title="bbox 104 988 1299 2258">
     <span class='ocr_line' id='line_1_6' title="bbox 161 988 1282 1087; baseline -0.003 -26"><span class='ocrx_word' id='word_1_41' title='bbox 161 1002 272 1087; x_wconf 89' lang='lat' dir='ltr'>eptum</span> <span class='ocrx_word' id='word_1_42' title='bbox 291 1001 342 1060; x_wconf 89' lang='lat' dir='ltr'>est</span> <span class='ocrx_word' id='word_1_43' title='bbox 359 988 455 1061; x_wconf 88' lang='lat' dir='ltr'>illud:</span> <span class='ocrx_word' id='word_1_44' title='bbox 480 991 633 1083; x_wconf 82' lang='lat' dir='ltr'>quoniam</span> <span class='ocrx_word' id='word_1_45' title='bbox 650 1007 768 1083; x_wconf 78' lang='lat' dir='ltr'>speret,</span> <span class='ocrx_word' id='word_1_46' title='bbox 789 1017 821 1062; x_wconf 79' lang='lat' dir='ltr'>se</span> <span class='ocrx_word' id='word_1_47' title='bbox 839 993 903 1062; x_wconf 77' lang='lat' dir='ltr'>eoi</span> <span class='ocrx_word' id='word_1_48' title='bbox 909 1006 985 1061; x_wconf 83' lang='lat' dir='ltr'>tum</span> <span class='ocrx_word' id='word_1_49' title='bbox 1002 992 1171 1061; x_wconf 74' lang='lat' dir='ltr'>coitionem</span> <span class='ocrx_word' id='word_1_50' title='bbox 1189 1013 1282 1080; x_wconf 80' lang='lat' dir='ltr'>posse</span> 
     </span>
     <span class='ocr_line' id='line_1_7' title="bbox 155 1103 1283 1204; baseline -0.003 -27"><span class='ocrx_word' id='word_1_51' title='bbox 155 1111 338 1200; x_wconf 76' lang='lat' dir='ltr'>prohibere.</span> <span class='ocrx_word' id='word_1_52' title='bbox 361 1149 405 1159; x_wconf 89' lang='lat'><em>-</em></span> <span class='ocrx_word' id='word_1_53' title='bbox 426 1107 521 1193; x_wconf 85' lang='lat' dir='ltr'>Quod</span> <span class='ocrx_word' id='word_1_54' title='bbox 539 1133 639 1204; x_wconf 92' lang='lat' dir='ltr'>porro</span> <span class='ocrx_word' id='word_1_55' title='bbox 653 1107 849 1204; x_wconf 82' lang='lat' dir='ltr'>Bergkius</span> <span class='ocrx_word' id='word_1_56' title='bbox 868 1107 1055 1204; x_wconf 80' lang='lat' dir='ltr'>suspicatus</span> <span class='ocrx_word' id='word_1_57' title='bbox 1073 1119 1138 1178; x_wconf 88' lang='lat' dir='ltr'>est:</span> <span class='ocrx_word' id='word_1_58' title='bbox 1157 1103 1283 1185; x_wconf 81' lang='grc' dir='ltr'><em>ἐλπίζει</em></span> 
     </span>
     <span class='ocr_line' id='line_1_8' title="bbox 161 1223 1281 1321; baseline -0.002 -27"><span class='ocrx_word' id='word_1_59' title='bbox 161 1223 328 1318; x_wconf 85' lang='grc' dir='ltr'><em>φρεσίν,</em></span> <span class='ocrx_word' id='word_1_60' title='bbox 346 1250 444 1321; x_wconf 82' lang='lat' dir='ltr'>quam</span> <span class='ocrx_word' id='word_1_61' title='bbox 462 1225 507 1296; x_wconf 88' lang='lat' dir='ltr'>sit</span> <span class='ocrx_word' id='word_1_62' title='bbox 523 1224 609 1294; x_wconf 95' lang='lat' dir='ltr'>omni</span> <span class='ocrx_word' id='word_1_63' title='bbox 627 1225 656 1295; x_wconf 92' lang='lat' dir='ltr'>vi</span> <span class='ocrx_word' id='word_1_64' title='bbox 675 1249 856 1296; x_wconf 80' lang='lat' dir='ltr'>carensac</span> <span class='ocrx_word' id='word_1_65' title='bbox 879 1249 920 1296; x_wconf 89' lang='lat' dir='ltr'>ne</span> <span class='ocrx_word' id='word_1_66' title='bbox 944 1248 1130 1320; x_wconf 76' lang='lat' dir='ltr'>congruens</span> <span class='ocrx_word' id='word_1_67' title='bbox 1149 1223 1281 1320; x_wconf 87' lang='lat' dir='ltr'>quidem</span> 
     </span>
     <span class='ocr_line' id='line_1_9' title="bbox 161 1339 1282 1434; baseline -0.004 -20"><span class='ocrx_word' id='word_1_68' title='bbox 161 1345 342 1416; x_wconf 82' lang='lat' dir='ltr'>sententiae</span> <span class='ocrx_word' id='word_1_69' title='bbox 359 1343 487 1434; x_wconf 81' lang='lat' dir='ltr'>rationi,</span> <span class='ocrx_word' id='word_1_70' title='bbox 505 1344 807 1416; x_wconf 79' lang='lat' dir='ltr'>Rauohenstein.</span> <span class='ocrx_word' id='word_1_71' title='bbox 828 1343 848 1415; x_wconf 93' lang='lat' dir='ltr'>l.</span> <span class='ocrx_word' id='word_1_72' title='bbox 866 1343 885 1416; x_wconf 84' lang='lat' dir='ltr'>l.</span> <span class='ocrx_word' id='word_1_73' title='bbox 903 1344 1023 1415; x_wconf 88' lang='lat' dir='ltr'>docuit.</span> <span class='ocrx_word' id='word_1_74' title='bbox 1061 1341 1110 1412; x_wconf 93' lang='lat' dir='ltr'>Ad</span> <span class='ocrx_word' id='word_1_75' title='bbox 1125 1339 1282 1413; x_wconf 89' lang='lat' dir='ltr'>sententi-</span> 
     </span>
     <span class='ocr_line' id='line_1_10' title="bbox 160 1458 1299 1560; baseline -0.004 -28"><span class='ocrx_word' id='word_1_76' title='bbox 160 1487 212 1532; x_wconf 84' lang='lat' dir='ltr'>em</span> <span class='ocrx_word' id='word_1_77' title='bbox 237 1461 366 1557; x_wconf 90' lang='lat' dir='ltr'>quidem</span> <span class='ocrx_word' id='word_1_78' title='bbox 393 1486 489 1532; x_wconf 93' lang='lat' dir='ltr'>unum</span> <span class='ocrx_word' id='word_1_79' title='bbox 513 1463 801 1534; x_wconf 79' lang='lat' dir='ltr'>accommodatum·</span> <span class='ocrx_word' id='word_1_80' title='bbox 817 1475 878 1553; x_wconf 83' lang='lat' dir='ltr'>est,</span> <span class='ocrx_word' id='word_1_81' title='bbox 901 1463 989 1559; x_wconf 91' lang='lat' dir='ltr'>quod</span> <span class='ocrx_word' id='word_1_82' title='bbox 1013 1473 1045 1533; x_wconf 92' lang='lat' dir='ltr'>et</span> <span class='ocrx_word' id='word_1_83' title='bbox 1062 1458 1231 1532; x_wconf 81' lang='lat' dir='ltr'>Nouokio</span> <span class='ocrx_word' id='word_1_84' title='bbox 1250 1470 1299 1560; x_wconf 79' lang='lat' dir='ltr'>et</span> 
     </span>
     <span class='ocr_line' id='line_1_11' title="bbox 160 1566 1286 1676; baseline -0.004 -28"><span class='ocrx_word' id='word_1_85' title='bbox 160 1579 316 1674; x_wconf 85' lang='lat' dir='ltr'>Engero</span> <span class='ocrx_word' id='word_1_86' title='bbox 335 1579 466 1669; x_wconf 68' lang='lat' dir='ltr'>(utitor.</span> <span class='ocrx_word' id='word_1_87' title='bbox 482 1577 551 1649; x_wconf 84' lang='lat' dir='ltr'>XV.</span> <span class='ocrx_word' id='word_1_88' title='bbox 572 1606 604 1676; x_wconf 88' lang='lat' dir='ltr'>p.</span> <span class='ocrx_word' id='word_1_89' title='bbox 624 1581 708 1672; x_wconf 85' lang='lat'><em>100)</em></span> <span class='ocrx_word' id='word_1_90' title='bbox 728 1580 760 1650; x_wconf 92' lang='lat' dir='ltr'>in</span> <span class='ocrx_word' id='word_1_91' title='bbox 779 1593 918 1652; x_wconf 79' lang='lat' dir='ltr'>mentem</span> <span class='ocrx_word' id='word_1_92' title='bbox 937 1579 1041 1653; x_wconf 84' lang='lat' dir='ltr'>venit:</span> <span class='ocrx_word' id='word_1_93' title='bbox 1067 1573 1189 1658; x_wconf 76' lang='grc' dir='ltr'><em>ἔξοδον</em></span> <span class='ocrx_word' id='word_1_94' title='bbox 1206 1566 1286 1646; x_wconf 66' lang='grc' dir='ltr'><em>ὀλεέ</em></span> 
     </span>
     <span class='ocr_line' id='line_1_12' title="bbox 104 1691 1282 1788; baseline -0.004 -22"><span class='ocrx_word' id='word_1_95' title='bbox 104 1769 108 1774; x_wconf 73' lang='grc'><em>,</em></span> <span class='ocrx_word' id='word_1_96' title='bbox 160 1693 264 1786; x_wconf 81' lang='grc' dir='ltr'><em>δρίαν</em></span> <span class='ocrx_word' id='word_1_97' title='bbox 302 1693 428 1775; x_wconf 78' lang='grc' dir='ltr'><em>ἐλπίζει</em></span> <span class='ocrx_word' id='word_1_98' title='bbox 462 1697 640 1787; x_wconf 81' lang='grc' dir='ltr'><em>κυρεῖν,</em></span> <span class='ocrx_word' id='word_1_99' title='bbox 678 1697 775 1769; x_wconf 82' lang='grc' dir='ltr'><em>ιιιοδο</em></span> <span class='ocrx_word' id='word_1_100' title='bbox 808 1723 827 1768; x_wconf 85' lang='lat' dir='ltr'>e</span> <span class='ocrx_word' id='word_1_101' title='bbox 862 1696 1039 1769; x_wconf 80' lang='lat' dir='ltr'>litterarum</span> <span class='ocrx_word' id='word_1_102' title='bbox 1072 1695 1174 1767; x_wconf 82' lang='lat' dir='ltr'>forma</span> <span class='ocrx_word' id='word_1_103' title='bbox 1207 1691 1282 1788; x_wconf 91' lang='lat' dir='ltr'>plus</span> 
     </span>
     <span class='ocr_line' id='line_1_13' title="bbox 160 1810 1281 1912; baseline 0 -30"><span class='ocrx_word' id='word_1_104' title='bbox 160 1811 297 1884; x_wconf 84' lang='lat' dir='ltr'>heberet</span> <span class='ocrx_word' id='word_1_105' title='bbox 313 1811 561 1908; x_wconf 78' lang='lat' dir='ltr'>probabilitatis.</span> <span class='ocrx_word' id='word_1_106' title='bbox 594 1813 679 1899; x_wconf 86' lang='lat' dir='ltr'>Quid</span> <span class='ocrx_word' id='word_1_107' title='bbox 693 1838 770 1886; x_wconf 86' lang='lat' dir='ltr'>vero</span> <span class='ocrx_word' id='word_1_108' title='bbox 789 1810 850 1886; x_wconf 74' lang='lat' dir='ltr'>tu?</span> <span class='ocrx_word' id='word_1_109' title='bbox 868 1815 1011 1912; x_wconf 85' lang='lat' dir='ltr'>inquies:</span> <span class='ocrx_word' id='word_1_110' title='bbox 1028 1812 1113 1884; x_wconf 89' lang='lat' dir='ltr'>Nihil</span> <span class='ocrx_word' id='word_1_111' title='bbox 1130 1810 1281 1909; x_wconf 85' lang='lat' dir='ltr'>equidem</span> 
     </span>
     <span class='ocr_line' id='line_1_14' title="bbox 161 1929 765 2027; baseline 0.007 -29"><span class='ocrx_word' id='word_1_112' title='bbox 161 1929 467 2001; x_wconf 88' lang='lat' dir='ltr'>ducocommodius</span> <span class='ocrx_word' id='word_1_113' title='bbox 486 1930 765 2027; x_wconf 60' lang='lat' dir='ltr'>quom‘soribere:</span> 
     </span>
     <span class='ocr_line' id='line_1_15' title="bbox 721 2045 1012 2143; baseline 0 -24"><span class='ocrx_word' id='word_1_114' title='bbox 721 2050 826 2143; x_wconf 72' lang='grc' dir='ltr'><em>τήνδε</em></span> <span class='ocrx_word' id='word_1_115' title='bbox 842 2050 875 2120; x_wconf 76' lang='grc' dir='ltr'>δ’</span> <span class='ocrx_word' id='word_1_116' title='bbox 890 2045 1012 2129; x_wconf 79' lang='grc' dir='ltr'><em>ἔξοδον</em></span> 
     </span>
     <span class='ocr_line' id='line_1_16' title="bbox 384 2163 1060 2258; baseline -0.003 -22"><span class='ocrx_word' id='word_1_117' title='bbox 384 2163 547 2257; x_wconf 74' lang='grc' dir='ltr'><em>ὀλεθρίαν</em></span> <span class='ocrx_word' id='word_1_118' title='bbox 569 2163 713 2248; x_wconf 80' lang='grc' dir='ltr'><em>Αἴαντος</em></span> <span class='ocrx_word' id='word_1_119' title='bbox 733 2165 858 2245; x_wconf 80' lang='grc' dir='ltr'><em>ἐλπίζει</em></span> <span class='ocrx_word' id='word_1_120' title='bbox 876 2164 1060 2258; x_wconf 85' lang='grc' dir='ltr'><em>ῥέπειν,</em></span> 
     </span>
    </p>

    <p class='ocr_par' dir='ltr' id='par_1_6' title="bbox 161 2274 1282 2615">
     <span class='ocr_line' id='line_1_17' title="bbox 164 2279 1282 2378; baseline -0.001 -27"><span class='ocrx_word' id='word_1_121' title='bbox 164 2281 252 2378; x_wconf 89' lang='lat' dir='ltr'>quod</span> <span class='ocrx_word' id='word_1_122' title='bbox 268 2283 499 2354; x_wconf 80' lang='lat' dir='ltr'>conformatum</span> <span class='ocrx_word' id='word_1_123' title='bbox 519 2296 571 2356; x_wconf 88' lang='lat' dir='ltr'>est</span> <span class='ocrx_word' id='word_1_124' title='bbox 587 2283 630 2354; x_wconf 85' lang='lat' dir='ltr'>ed</span> <span class='ocrx_word' id='word_1_125' title='bbox 643 2283 847 2355; x_wconf 83' lang='lat' dir='ltr'>Homericum</span> <span class='ocrx_word' id='word_1_126' title='bbox 866 2281 945 2352; x_wconf 84' lang='lat' dir='ltr'>iilud</span> <span class='ocrx_word' id='word_1_127' title='bbox 960 2281 1009 2373; x_wconf 84' lang='lat' dir='ltr'>(lt.</span> <span class='ocrx_word' id='word_1_128' title='bbox 1026 2283 1156 2371; x_wconf 65' lang='lat' dir='ltr'><strong>8372J:</strong></span> <span class='ocrx_word' id='word_1_129' title='bbox 1171 2279 1282 2374; x_wconf 89' lang='grc' dir='ltr'><em>ῥέπε</em></span> 
     </span>
     <span class='ocr_line' id='line_1_18' title="bbox 161 2385 1281 2497; baseline 0 -28"><span class='ocrx_word' id='word_1_130' title='bbox 161 2400 196 2469; x_wconf 76' lang='grc' dir='ltr'>δ’</span> <span class='ocrx_word' id='word_1_131' title='bbox 208 2395 343 2489; x_wconf 79' lang='grc' dir='ltr'><em>αἴσιμον</em></span> <span class='ocrx_word' id='word_1_132' title='bbox 363 2398 461 2495; x_wconf 77' lang='grc' dir='ltr'><em>ἦμαρ</em></span> <span class='ocrx_word' id='word_1_133' title='bbox 478 2398 628 2494; x_wconf 83' lang='grc' dir='ltr'><em>Ἀχαιῶν.</em></span> <span class='ocrx_word' id='word_1_134' title='bbox 654 2385 693 2471; x_wconf 83' lang='lat' dir='ltr'>Et</span> <span class='ocrx_word' id='word_1_135' title='bbox 706 2400 783 2497; x_wconf 92' lang='lat' dir='ltr'>quid</span> <span class='ocrx_word' id='word_1_136' title='bbox 799 2399 922 2490; x_wconf 83' lang='lat' dir='ltr'>mirum,</span> <span class='ocrx_word' id='word_1_137' title='bbox 937 2397 1137 2496; x_wconf 81' lang='lat' dir='ltr'>Sophoclem</span> <span class='ocrx_word' id='word_1_138' title='bbox 1150 2392 1281 2470; x_wconf 82' lang='lat' dir='ltr'>Homeri</span> 
     </span>
     <span class='ocr_line' id='line_1_19' title="bbox 162 2517 1280 2615; baseline 0.001 -28"><span class='ocrx_word' id='word_1_139' title='bbox 162 2517 338 2588; x_wconf 78' lang='lat' dir='ltr'>imitatione</span> <span class='ocrx_word' id='word_1_140' title='bbox 357 2518 487 2589; x_wconf 92' lang='lat' dir='ltr'>ductum</span> <span class='ocrx_word' id='word_1_141' title='bbox 506 2517 583 2590; x_wconf 85' lang='lat' dir='ltr'>iilud</span> <span class='ocrx_word' id='word_1_142' title='bbox 602 2519 790 2614; x_wconf 81' lang='lat' dir='ltr'>scripsisse,</span> <span class='ocrx_word' id='word_1_143' title='bbox 818 2543 891 2590; x_wconf 92' lang='lat' dir='ltr'>cum</span> <span class='ocrx_word' id='word_1_144' title='bbox 914 2519 1105 2615; x_wconf 83' lang='lat' dir='ltr'>praesertim</span> <span class='ocrx_word' id='word_1_145' title='bbox 1128 2517 1160 2586; x_wconf 94' lang='lat' dir='ltr'>in</span> <span class='ocrx_word' id='word_1_146' title='bbox 1178 2517 1280 2588; x_wconf 81' lang='lat' dir='ltr'>Aiace</span> 
     </span>
    </p>
   </div>
   <div class='ocr_carea' id='block_1_6' title="bbox 157 2621 1374 2849">
    <p class='ocr_par' dir='ltr' id='par_1_7' title="bbox 157 2621 1374 2849">
     <span class='ocr_line' id='line_1_20' title="bbox 162 2621 1306 2732; baseline -0.003 -27"><span class='ocrx_word' id='word_1_147' title='bbox 162 2634 299 2731; x_wconf 85' lang='lat' dir='ltr'>plurime</span> <span class='ocrx_word' id='word_1_148' title='bbox 314 2635 610 2730; x_wconf 84' lang='lat' dir='ltr'>deprehendentur,</span> <span class='ocrx_word' id='word_1_149' title='bbox 628 2635 714 2706; x_wconf 91' lang='lat' dir='ltr'>unde</span> <span class='ocrx_word' id='word_1_150' title='bbox 729 2635 845 2723; x_wconf 79' lang='lat' dir='ltr'>elucet,</span> <span class='ocrx_word' id='word_1_151' title='bbox 860 2659 957 2732; x_wconf 84' lang='lat' dir='ltr'>quem</span> <span class='ocrx_word' id='word_1_152' title='bbox 970 2635 1066 2706; x_wconf 81' lang='lat' dir='ltr'>fuerit</span> <span class='ocrx_word' id='word_1_153' title='bbox 1079 2646 1176 2730; x_wconf 84' lang='lat' dir='ltr'>poeta</span> <span class='ocrx_word' id='word_1_154' title='bbox 1189 2633 1281 2727; x_wconf 84' lang='grc' dir='ltr'><em>ριλό-</em></span> <span class='ocrx_word' id='word_1_155' title='bbox 1300 2621 1306 2630; x_wconf 21' lang='grc' dir='ltr'><strong>Χ</strong></span> 
     </span>
     <span class='ocr_line' id='line_1_21' title="bbox 157 2741 1374 2849; baseline -0.002 -25"><span class='ocrx_word' id='word_1_156' title='bbox 157 2775 284 2848; x_wconf 80' lang='grc' dir='ltr'><em>μηρος.</em></span> <span class='ocrx_word' id='word_1_157' title='bbox 320 2751 425 2849; x_wconf 87' lang='lat' dir='ltr'>Atque</span> <span class='ocrx_word' id='word_1_158' title='bbox 448 2752 544 2822; x_wconf 84' lang='lat' dir='ltr'>etiam</span> <span class='ocrx_word' id='word_1_159' title='bbox 567 2751 711 2848; x_wconf 88' lang='lat' dir='ltr'>Alciphr.</span> <span class='ocrx_word' id='word_1_160' title='bbox 734 2753 792 2848; x_wconf 86' lang='lat' dir='ltr'>Ep.</span> <span class='ocrx_word' id='word_1_161' title='bbox 813 2751 996 2839; x_wconf 81' lang='lat'><strong>111‚59‚5.</strong></span> <span class='ocrx_word' id='word_1_162' title='bbox 1022 2751 1179 2848; x_wconf 85' lang='lat' dir='ltr'>permixte</span> <span class='ocrx_word' id='word_1_163' title='bbox 1206 2764 1282 2823; x_wconf 84' lang='lat' dir='ltr'>sunt</span> <span class='ocrx_word' id='word_1_164' title='bbox 1371 2741 1374 2744; x_wconf 38' lang='lat'>¹</span> 
     </span>
    </p>
   </div>
   <div class='ocr_carea' id='block_1_7' title="bbox 160 2867 1301 3889">
    <p class='ocr_par' dir='ltr' id='par_1_8' title="bbox 160 2867 1301 3889">
     <span class='ocr_line' id='line_1_22' title="bbox 160 2867 1278 2966; baseline 0 -28"><span class='ocrx_word' id='word_1_165' title='bbox 160 2868 323 2962; x_wconf 84' lang='grc' dir='ltr'><em>φέρειν</em></span> <span class='ocrx_word' id='word_1_166' title='bbox 340 2882 373 2942; x_wconf 92' lang='lat' dir='ltr'>et</span> <span class='ocrx_word' id='word_1_167' title='bbox 385 2868 570 2962; x_wconf 77' lang='grc' dir='ltr'><em>ῥέπειν,</em></span> <span class='ocrx_word' id='word_1_168' title='bbox 587 2869 677 2966; x_wconf 87' lang='lat' dir='ltr'>quod</span> <span class='ocrx_word' id='word_1_169' title='bbox 696 2869 829 2940; x_wconf 88' lang='lat' dir='ltr'>Cobet.</span> <span class='ocrx_word' id='word_1_170' title='bbox 849 2867 1005 2940; x_wconf 83' lang='lat' dir='ltr'>Mnemos</span> <span class='ocrx_word' id='word_1_171' title='bbox 1024 2868 1132 2940; x_wconf 85' lang='grc'>1854.</span> <span class='ocrx_word' id='word_1_172' title='bbox 1148 2894 1181 2965; x_wconf 92' lang='lat' dir='ltr'>p.</span> <span class='ocrx_word' id='word_1_173' title='bbox 1196 2869 1278 2939; x_wconf 84' lang='grc'>140.</span> 
     </span>
     <span class='ocr_line' id='line_1_23' title="bbox 161 2983 1283 3082; baseline 0.001 -28"><span class='ocrx_word' id='word_1_174' title='bbox 161 2997 251 3058; x_wconf 89' lang='lat' dir='ltr'>recte</span> <span class='ocrx_word' id='word_1_175' title='bbox 269 2986 422 3059; x_wconf 67' lang='lat' dir='ltr'>restituite</span> <span class='ocrx_word' id='word_1_176' title='bbox 440 2984 481 3056; x_wconf 78' lang='grc' dir='ltr'>οὗ</span> <span class='ocrx_word' id='word_1_177' title='bbox 496 2984 635 3078; x_wconf 90' lang='grc' dir='ltr'><em>ῥέπει</em></span> <span class='ocrx_word' id='word_1_178' title='bbox 653 2986 691 3058; x_wconf 90' lang='grc' dir='ltr'>τδ</span> <span class='ocrx_word' id='word_1_179' title='bbox 710 2983 809 3078; x_wconf 76' lang='grc' dir='ltr'><em>ὄναρ.</em></span> <span class='ocrx_word' id='word_1_180' title='bbox 840 2987 943 3057; x_wconf 93' lang='lat' dir='ltr'>Unum</span> <span class='ocrx_word' id='word_1_181' title='bbox 960 2999 1073 3076; x_wconf 76' lang='lat' dir='ltr'>restet,</span> <span class='ocrx_word' id='word_1_182' title='bbox 1092 2999 1125 3057; x_wconf 94' lang='lat' dir='ltr'>ut</span> <span class='ocrx_word' id='word_1_183' title='bbox 1143 3011 1283 3082; x_wconf 91' lang='lat' dir='ltr'>scrupu-</span> 
     </span>
     <span class='ocr_line' id='line_1_24' title="bbox 161 3101 1282 3202; baseline 0.002 -31"><span class='ocrx_word' id='word_1_184' title='bbox 161 3101 227 3172; x_wconf 93' lang='lat' dir='ltr'>lum</span> <span class='ocrx_word' id='word_1_185' title='bbox 251 3103 398 3192; x_wconf 81' lang='lat' dir='ltr'>evellam,</span> <span class='ocrx_word' id='word_1_186' title='bbox 421 3104 475 3200; x_wconf 92' lang='lat' dir='ltr'>qui</span> <span class='ocrx_word' id='word_1_187' title='bbox 499 3107 797 3177; x_wconf 77' lang='grc' dir='ltr'><em>Ησασίιοαεεοίαὶιιιη</em></span> <span class='ocrx_word' id='word_1_188' title='bbox 820 3105 944 3202; x_wconf 84' lang='lat' dir='ltr'>pungit.</span> <span class='ocrx_word' id='word_1_189' title='bbox 982 3105 1012 3175; x_wconf 88' lang='lat' dir='ltr'>ls</span> <span class='ocrx_word' id='word_1_190' title='bbox 1030 3105 1115 3176; x_wconf 90' lang='lat' dir='ltr'>euim</span> <span class='ocrx_word' id='word_1_191' title='bbox 1134 3128 1210 3173; x_wconf 94' lang='lat' dir='ltr'>num</span> <span class='ocrx_word' id='word_1_192' title='bbox 1229 3101 1282 3173; x_wconf 86' lang='grc' dir='ltr'><em>ἐλ-</em></span> 
     </span>
     <span class='ocr_line' id='line_1_25' title="bbox 161 3218 1283 3318; baseline 0.004 -32"><span class='ocrx_word' id='word_1_193' title='bbox 161 3218 266 3298; x_wconf 83' lang='grc' dir='ltr'><em>πίζειν</em></span> <span class='ocrx_word' id='word_1_194' title='bbox 282 3221 346 3291; x_wconf 89' lang='lat' dir='ltr'>hoo</span> <span class='ocrx_word' id='word_1_195' title='bbox 360 3219 433 3291; x_wconf 86' lang='lat' dir='ltr'>loco</span> <span class='ocrx_word' id='word_1_196' title='bbox 447 3221 723 3317; x_wconf 81' lang='lat' dir='ltr'>exspectationem</span> <span class='ocrx_word' id='word_1_197' title='bbox 741 3234 846 3293; x_wconf 90' lang='lat' dir='ltr'>metus</span> <span class='ocrx_word' id='word_1_198' title='bbox 860 3221 989 3318; x_wconf 86' lang='lat' dir='ltr'>plenem</span> <span class='ocrx_word' id='word_1_199' title='bbox 1004 3221 1190 3318; x_wconf 80' lang='lat' dir='ltr'>significare</span> <span class='ocrx_word' id='word_1_200' title='bbox 1204 3245 1283 3317; x_wconf 90' lang='lat' dir='ltr'>pos·</span> 
     </span>
     <span class='ocr_line' id='line_1_26' title="bbox 161 3337 1282 3435; baseline 0.004 -29"><span class='ocrx_word' id='word_1_201' title='bbox 161 3337 215 3424; x_wconf 74' lang='lat' dir='ltr'>sit,</span> <span class='ocrx_word' id='word_1_202' title='bbox 233 3337 430 3434; x_wconf 80' lang='lat' dir='ltr'>aliquantum</span> <span class='ocrx_word' id='word_1_203' title='bbox 446 3337 579 3409; x_wconf 80' lang='lat' dir='ltr'>dubitat.</span> <span class='ocrx_word' id='word_1_204' title='bbox 611 3337 717 3435; x_wconf 83' lang='lat' dir='ltr'>Atque</span> <span class='ocrx_word' id='word_1_205' title='bbox 735 3338 816 3410; x_wconf 84' lang='lat' dir='ltr'>satis</span> <span class='ocrx_word' id='word_1_206' title='bbox 834 3350 973 3426; x_wconf 84' lang='lat' dir='ltr'>constet,</span> <span class='ocrx_word' id='word_1_207' title='bbox 992 3337 1135 3418; x_wconf 80' lang='grc' dir='ltr'><em>ἐλπίζειν</em></span> <span class='ocrx_word' id='word_1_208' title='bbox 1148 3338 1282 3435; x_wconf 82' lang='lat' dir='ltr'>proprie</span> 
     </span>
     <span class='ocr_line' id='line_1_27' title="bbox 162 3453 1282 3553; baseline 0.002 -30"><span class='ocrx_word' id='word_1_209' title='bbox 162 3453 240 3524; x_wconf 84' lang='lat' dir='ltr'>nihil</span> <span class='ocrx_word' id='word_1_210' title='bbox 259 3453 366 3526; x_wconf 84' lang='lat' dir='ltr'>volere</span> <span class='ocrx_word' id='word_1_211' title='bbox 383 3454 451 3526; x_wconf 80' lang='lat' dir='ltr'>‘nisi</span> <span class='ocrx_word' id='word_1_212' title='bbox 474 3459 660 3547; x_wconf 57' lang='lat' dir='ltr'>procidere</span> <span class='ocrx_word' id='word_1_213' title='bbox 685 3458 717 3526; x_wconf 94' lang='lat' dir='ltr'>in</span> <span class='ocrx_word' id='word_1_214' title='bbox 745 3457 914 3528; x_wconf 88' lang='lat' dir='ltr'>sententiis</span> <span class='ocrx_word' id='word_1_215' title='bbox 933 3469 1059 3549; x_wconf 77' lang='lat' dir='ltr'>eutem,</span> <span class='ocrx_word' id='word_1_216' title='bbox 1086 3457 1204 3553; x_wconf 90' lang='lat' dir='ltr'>quibus</span> <span class='ocrx_word' id='word_1_217' title='bbox 1230 3455 1282 3526; x_wconf 88' lang='lat' dir='ltr'>vel</span> 
     </span>
     <span class='ocr_line' id='line_1_28' title="bbox 161 3571 1301 3672; baseline 0 -30"><span class='ocrx_word' id='word_1_218' title='bbox 161 3571 262 3643; x_wconf 91' lang='lat' dir='ltr'>verbo</span> <span class='ocrx_word' id='word_1_219' title='bbox 276 3571 326 3643; x_wconf 88' lang='lat' dir='ltr'>vel</span> <span class='ocrx_word' id='word_1_220' title='bbox 340 3572 500 3644; x_wconf 80' lang='lat' dir='ltr'>adiectivo</span> <span class='ocrx_word' id='word_1_221' title='bbox 514 3574 674 3670; x_wconf 83' lang='lat' dir='ltr'>quaedam</span> <span class='ocrx_word' id='word_1_222' title='bbox 688 3575 735 3646; x_wconf 90' lang='lat' dir='ltr'>rei</span> <span class='ocrx_word' id='word_1_223' title='bbox 750 3575 876 3647; x_wconf 83' lang='lat' dir='ltr'>tristitie</span> <span class='ocrx_word' id='word_1_224' title='bbox 890 3575 1062 3664; x_wconf 81' lang='lat' dir='ltr'>indicetur,</span> <span class='ocrx_word' id='word_1_225' title='bbox 1080 3573 1174 3645; x_wconf 81' lang='lat' dir='ltr'>focile</span> <span class='ocrx_word' id='word_1_226' title='bbox 1187 3571 1283 3668; x_wconf 89' lang='lat' dir='ltr'>intel·</span> <span class='ocrx_word' id='word_1_227' title='bbox 1297 3667 1301 3672; x_wconf 88' lang='lat'><em>.</em></span> 
     </span>
     <span class='ocr_line' id='line_1_29' title="bbox 160 3688 1282 3785; baseline 0.002 -27"><span class='ocrx_word' id='word_1_228' title='bbox 160 3688 278 3785; x_wconf 80' lang='lat' dir='ltr'>legitur</span> <span class='ocrx_word' id='word_1_229' title='bbox 291 3690 376 3760; x_wconf 90' lang='lat' dir='ltr'>idem</span> <span class='ocrx_word' id='word_1_230' title='bbox 391 3689 498 3762; x_wconf 80' lang='lat' dir='ltr'>velere</span> <span class='ocrx_word' id='word_1_231' title='bbox 512 3691 600 3782; x_wconf 90' lang='lat' dir='ltr'>quod</span> <span class='ocrx_word' id='word_1_232' title='bbox 614 3707 799 3764; x_wconf 81' lang='lat' dir='ltr'>metuentem</span> <span class='ocrx_word' id='word_1_233' title='bbox 808 3696 988 3785; x_wconf 79' lang='lat' dir='ltr'>providere,</span> <span class='ocrx_word' id='word_1_234' title='bbox 1002 3704 1037 3762; x_wconf 94' lang='lat' dir='ltr'>ut</span> <span class='ocrx_word' id='word_1_235' title='bbox 1049 3690 1167 3762; x_wconf 83' lang='lat' dir='ltr'>Trach.</span> <span class='ocrx_word' id='word_1_236' title='bbox 1181 3691 1282 3761; x_wconf 81' lang='lat'><strong>111.:</strong></span> 
     </span>
     <span class='ocr_line' id='line_1_30' title="bbox 160 3806 1281 3889; baseline 0.005 -13"><span class='ocrx_word' id='word_1_237' title='bbox 160 3807 307 3878; x_wconf 80' lang='grc' dir='ltr'><em>κακὰν</em></span> <span class='ocrx_word' id='word_1_238' title='bbox 330 3806 553 3880; x_wconf 73' lang='grc' dir='ltr'><em>δύστανον</em></span> <span class='ocrx_word' id='word_1_239' title='bbox 576 3807 849 3889; x_wconf 81' lang='grc' dir='ltr'><em>ἐλπίζουσαν</em></span> <span class='ocrx_word' id='word_1_240' title='bbox 869 3807 983 3881; x_wconf 78' lang='grc' dir='ltr'><em>αἶσαν.</em></span> <span class='ocrx_word' id='word_1_241' title='bbox 1007 3810 1081 3881; x_wconf 86' lang='lat' dir='ltr'>Eur.</span> <span class='ocrx_word' id='word_1_242' title='bbox 1101 3808 1172 3880; x_wconf 85' lang='lat' dir='ltr'>Hei.</span> <span class='ocrx_word' id='word_1_243' title='bbox 1190 3809 1281 3882; x_wconf 73' lang='lat'>7402</span> 
     </span>
    </p>
   </div>
   <div class='ocr_carea' id='block_1_8' title="bbox 161 3922 1318 4020">
    <p class='ocr_par' dir='ltr' id='par_1_9' title="bbox 161 3922 1318 4020">
     <span class='ocr_line' id='line_1_31' title="bbox 161 3922 1318 4020; baseline 0 -26"><span class='ocrx_word' id='word_1_244' title='bbox 161 3923 313 4017; x_wconf 66' lang='grc' dir='ltr'><em>ἀγῶνας,</em></span> <span class='ocrx_word' id='word_1_245' title='bbox 339 3922 374 3997; x_wconf 79' lang='grc' dir='ltr'>οἳ</span> <span class='ocrx_word' id='word_1_246' title='bbox 393 3925 543 4015; x_wconf 79' lang='grc' dir='ltr'><em>μένουσί</em></span> <span class='ocrx_word' id='word_1_247' title='bbox 558 3926 606 4018; x_wconf 81' lang='grc' dir='ltr'>ρ’,</span> <span class='ocrx_word' id='word_1_248' title='bbox 634 3931 687 4008; x_wconf 81' lang='grc' dir='ltr'>ὡς</span> <span class='ocrx_word' id='word_1_249' title='bbox 710 3926 966 4020; x_wconf 82' lang='grc' dir='ltr'><em>ἐλπίζομεν.</em></span> <span class='ocrx_word' id='word_1_250' title='bbox 992 3927 1088 3999; x_wconf 87' lang='lat' dir='ltr'>Hero.</span> <span class='ocrx_word' id='word_1_251' title='bbox 1109 3926 1169 3996; x_wconf 78' lang='lat' dir='ltr'>l&#39;ur.</span> <span class='ocrx_word' id='word_1_252' title='bbox 1191 3925 1281 3995; x_wconf 79' lang='lat'>746:</span> <span class='ocrx_word' id='word_1_253' title='bbox 1307 3960 1318 3979; x_wconf 67' lang='lat' dir='ltr'>v</span> 
     </span>
    </p>
   </div>
   <div class='ocr_carea' id='block_1_9' title="bbox 65 4039 1281 4378">
    <p class='ocr_par' dir='ltr' id='par_1_10' title="bbox 65 4039 1281 4378">
     <span class='ocr_line' id='line_1_32' title="bbox 160 4039 1281 4140; baseline -0.003 -26"><span class='ocrx_word' id='word_1_254' title='bbox 160 4042 260 4132; x_wconf 79' lang='grc' dir='ltr'><em>πάλιν</em></span> <span class='ocrx_word' id='word_1_255' title='bbox 284 4039 420 4134; x_wconf 79' lang='grc' dir='ltr'><em>ἔμολεν,</em></span> <span class='ocrx_word' id='word_1_256' title='bbox 444 4041 604 4135; x_wconf 74' lang='grc' dir='ltr'><em>δπαῖρος</em></span> <span class='ocrx_word' id='word_1_257' title='bbox 618 4043 747 4116; x_wconf 80' lang='grc' dir='ltr'><em>οὔποτε</em></span> <span class='ocrx_word' id='word_1_258' title='bbox 763 4045 820 4116; x_wconf 84' lang='grc' dir='ltr'>διδ</span> <span class='ocrx_word' id='word_1_259' title='bbox 838 4043 970 4140; x_wconf 83' lang='grc' dir='ltr'><em>φρενὸς</em></span> <span class='ocrx_word' id='word_1_260' title='bbox 990 4044 1178 4140; x_wconf 83' lang='grc' dir='ltr'><em>ἤλπισεν</em></span> <span class='ocrx_word' id='word_1_261' title='bbox 1200 4065 1281 4112; x_wconf 91' lang='grc' dir='ltr'>πα-</span> 
     </span>
     <span class='ocr_line' id='line_1_33' title="bbox 65 4157 1280 4259; baseline -0.002 -29"><span class='ocrx_word' id='word_1_262' title='bbox 65 4183 68 4192; x_wconf 78' lang='grc'>’</span> <span class='ocrx_word' id='word_1_263' title='bbox 160 4163 261 4232; x_wconf 77' lang='grc' dir='ltr'><em>δεῖν</em></span> <span class='ocrx_word' id='word_1_264' title='bbox 278 4159 346 4254; x_wconf 62' lang='grc' dir='ltr'>ρᾶς</span> <span class='ocrx_word' id='word_1_265' title='bbox 361 4159 460 4241; x_wconf 79' lang='grc' dir='ltr'><em>ἄναξ.</em></span> <span class='ocrx_word' id='word_1_266' title='bbox 485 4162 552 4234; x_wconf 84' lang='grc' dir='ltr'><em>Ιοιι.</em></span> <span class='ocrx_word' id='word_1_267' title='bbox 569 4163 658 4234; x_wconf 78' lang='lat'>348:</span> <span class='ocrx_word' id='word_1_268' title='bbox 677 4164 797 4259; x_wconf 73' lang='grc' dir='ltr'><em>θῆράς</em></span> <span class='ocrx_word' id='word_1_269' title='bbox 811 4187 879 4258; x_wconf 86' lang='grc' dir='ltr'>σφε</span> <span class='ocrx_word' id='word_1_270' title='bbox 896 4161 954 4234; x_wconf 87' lang='grc' dir='ltr'>τδν</span> <span class='ocrx_word' id='word_1_271' title='bbox 971 4161 1193 4255; x_wconf 76' lang='grc' dir='ltr'><em>δύστηνον</em></span> <span class='ocrx_word' id='word_1_272' title='bbox 1212 4157 1280 4228; x_wconf 89' lang='grc' dir='ltr'><em>ἐλ-</em></span> 
     </span>
     <span class='ocr_line' id='line_1_34' title="bbox 160 4273 1281 4378; baseline -0.004 -30"><span class='ocrx_word' id='word_1_273' title='bbox 160 4277 212 4348; x_wconf 89' lang='grc' dir='ltr'>πί</span> <span class='ocrx_word' id='word_1_274' title='bbox 214 4277 241 4357; x_wconf 87' lang='grc' dir='ltr'><em>ζ</em></span> <span class='ocrx_word' id='word_1_275' title='bbox 239 4303 278 4348; x_wconf 90' lang='grc' dir='ltr'>ει</span> <span class='ocrx_word' id='word_1_276' title='bbox 301 4281 491 4350; x_wconf 78' lang='grc' dir='ltr'><em>κτανεῖν.</em></span> <span class='ocrx_word' id='word_1_277' title='bbox 518 4281 559 4350; x_wconf 80' lang='lat' dir='ltr'>ci.</span> <span class='ocrx_word' id='word_1_278' title='bbox 576 4279 656 4352; x_wconf 81' lang='lat' dir='ltr'>Plot.</span> <span class='ocrx_word' id='word_1_279' title='bbox 674 4279 775 4378; x_wconf 82' lang='lat' dir='ltr'>Legg.</span> <span class='ocrx_word' id='word_1_280' title='bbox 790 4281 813 4352; x_wconf 86' lang='lat' dir='ltr'>i.</span> <span class='ocrx_word' id='word_1_281' title='bbox 829 4307 862 4377; x_wconf 89' lang='lat' dir='ltr'>p.</span> <span class='ocrx_word' id='word_1_282' title='bbox 880 4282 953 4352; x_wconf 91' lang='grc'>644</span> <span class='ocrx_word' id='word_1_283' title='bbox 971 4281 1008 4351; x_wconf 84' lang='grc' dir='ltr'>Ι).</span> <span class='ocrx_word' id='word_1_284' title='bbox 1033 4277 1125 4371; x_wconf 84' lang='grc' dir='ltr'><em>πρὸς</em></span> <span class='ocrx_word' id='word_1_285' title='bbox 1145 4275 1189 4346; x_wconf 86' lang='grc' dir='ltr'><em>δέ</em></span> <span class='ocrx_word' id='word_1_286' title='bbox 1206 4273 1281 4344; x_wconf 85' lang='grc' dir='ltr'><em>τού-</em></span> 
     </span>
    </p>
   </div>
   <div class='ocr_carea' id='block_1_10' title="bbox 0 0 1462 4820">
    <p class='ocr_par' dir='ltr' id='par_1_11' title="bbox 0 0 1462 4820">
     <span class='ocr_line' id='line_1_35' title="bbox 0 0 1462 4820; baseline 0 0"><span class='ocrx_word' id='word_1_287' title='bbox 0 0 1462 4820; x_wconf 95' lang='lat' dir='ltr'> </span> 
     </span>
    </p>
   </div>
  </div>
 </body>
</html>
