2914 4820
55 313 363 435 ,32'

208 537 402 628 Hermanno,
420 537 692 635 praelarramque,
711 537 771 619 nisi
792 537 970 609 deterreret
988 561 1039 608 ma
1058 536 1240 614 mutationis
1258 561 1320 608 au·

207 655 311 745 dacia,
330 655 524 727 Dindorlii
549 655 785 729 coniecturam:
808 658 916 748 μυξοα
940 654 1141 747 καθαμερία
1164 653 1322 750 φθίνειν

207 769 314 868 ἔχει,
329 773 370 847 cl.
388 774 468 845 Phil.
486 774 569 848 331:
588 771 666 844 ἐπεὶ
679 773 748 867 γὰρ
763 769 861 868 ἔσχε
876 771 986 867 μοῖρ’
1000 772 1152 867 Ἀχιλλέα
1166 777 1320 846 θανεῖν.

206 891 318 989 Neque
343 890 421 989 legit
443 891 627 964 infinitivum
652 891 840 982 scholiasta,
864 892 917 992 qui
937 891 1092 990 explicat:
1115 889 1165 975 εἰς
1179 892 1320 988 φθορὰν

205 1009 264 1081 κοιλ
286 1008 470 1082 ἐλάττωσιν
492 1014 552 1081 τοῦ
574 1009 699 1104 γένους
719 1009 806 1104 ἄγει.
847 1011 950 1097 Quam
969 1011 1097 1083 obrem
1116 1011 1318 1106 autcmpdl-

207 1152 274 1202 νειν
287 1128 376 1200 varbi
399 1128 460 1200 hoc
482 1127 555 1200 loco
578 1129 720 1226 ineptam
742 1129 859 1202 babeat
877 1132 1065 1226 Dindurfiur
1082 1129 1319 1228 repetitionem,

80 1245 89 1260 ‘
206 1247 309 1320 fatcor
335 1273 385 1320 me
413 1273 475 1320 non
504 1248 676 1346 dispicere.
716 1249 813 1320 lmmo
840 1249 986 1347 depingit
1012 1250 1095 1322 haec
1121 1249 1201 1321 satis
1229 1273 1320 1322 com·
1370 1294 1372 1302 ·

156 1367 163 1377 '
207 1367 302 1438 moda
325 1380 516 1439 commotum
544 1366 635 1439 chori
659 1367 810 1439 animum.
855 1366 954 1440 llutto
974 1379 1051 1440 lero
1074 1367 1178 1439 minus
1202 1366 1320 1466 placet,

206 1485 238 1556 in
257 1487 344 1584 quod
364 1487 401 1557 G.
416 1485 595 1558 Wolllius
614 1486 737 1577 incidit,
756 1487 810 1592 qui
830 1491 887 1559 νῦν
904 1511 977 1558 σου
991 1488 1100 1580 μοζοα
1117 1485 1320 1580 καθαμερία

205 1604 318 1700 φθίνει
335 1603 446 1700 φθίνει
464 1605 607 1703 corrigit,
632 1607 855 1704 fortunamque
873 1607 995 1681 tristem
1010 1605 1136 1679 Orestis
1155 1604 1320 1678 Electrae-

145 1758 147 1761 ·
207 1749 271 1821 qua
294 1722 469 1821 significari
492 1736 593 1820 putat,
618 1750 702 1823 quac
720 1724 845 1797 scilicet
862 1725 925 1796 iam
943 1724 1218 1822 Clytaemnestraa
1237 1749 1319 1798 nece
1443 1769 1444 1800 t

207 1841 409 1917 sublevetur:
441 1843 534 1940 quasi
560 1868 637 1914 vero
661 1843 702 1914 de
726 1842 884 1916 levatione
909 1844 1048 1940 quadam
1072 1843 1142 1916 eius
1167 1843 1255 1916 urbis
1278 1869 1319 1916 ac

206 1959 345 2033 familiae
368 1961 503 2058 cogitari
527 1961 641 2059 possit,
665 1961 916 2059 quaerdloriror
938 1961 1130 2060 appelletur,
1157 1986 1219 2058 qua
1243 1961 1315 2058 ipsu

207 2104 287 2152 voce
306 2105 370 2150 non
388 2080 493 2151 minus
511 2105 607 2177 quam
626 2079 724 2153 verbo
746 2079 858 2175 φθίνει
880 2083 1024 2154 interitus
1040 2080 1238 2154 atrocitatem
1256 2078 1314 2152 dc·

82 2227 83 2234 ¹
206 2198 553 2304 scribilunusquisque
577 2199 683 2272 sentit.
721 2199 755 2270 ln
778 2198 937 2272 lavatione
960 2199 1162 2306 miseriarum
1188 2197 1316 2297 praedi-

207 2316 311 2390 canda
330 2317 423 2389 locus
440 2330 511 2389 erat
528 2318 627 2389 credo
645 2343 709 2389 non
726 2320 899 2390 miserandi
913 2318 1018 2391 verbis
1036 2317 1097 2390 sed
1115 2303 1223 2416 potids
1241 2341 1318 2410 φια-

207 2439 343 2508 tulondi.
374 2436 416 2506 At
428 2434 670 2528 καθαμερία
686 2461 748 2508 non
763 2436 934 2534 significat,
955 2436 1042 2536 quud
1057 2437 1154 2509 debet
1166 2437 1230 2509 boc
1244 2435 1319 2508 loco

206 2553 405 2652 significare:
420 2580 483 2626 non
499 2579 645 2652 repugno
660 2553 824 2652 equidem3
837 2555 897 2627 sad
912 2581 983 2628 eum
998 2569 1138 2654 poetam,
1152 2555 1206 2653 qui
1220 2579 1318 2626 nova·

207 2674 287 2748 verit
304 2673 412 2765 multa,
435 2674 499 2746 hoc
516 2699 655 2746 novasse
674 2699 736 2745 uon
756 2674 940 2772 negaverim
961 2673 1185 2746 confidentius.
1222 2672 1317 2760 Quod

206 2792 234 2862 si
253 2793 358 2864 minus
378 2792 518 2882 dederiS,
538 2792 647 2890 possis
668 2792 827 2865 scribere:
846 2796 903 2865 νῦν
920 2816 962 2863 σε
975 2793 1082 2886 μοξοα
1100 2791 1186 2864 κατ’
1203 2790 1332 2889 ἦμαρ

206 2908 247 2980 ἰὼ
272 2910 433 3006 φθίνειν,
460 2909 615 3004 φθίνειν.
658 2909 698 2982 cl.
725 2909 814 2982 diac.
836 2911 925 2984 753:
950 2911 1044 2982 κατ’
1069 2909 1193 3008 ἦμαρ
1217 2908 1316 3002 τοόμ-

205 3028 317 3124 φανὲς
332 3027 375 3100 τό
395 3032 462 3101 νῦν
480 3029 570 3100 udde.
601 3028 740 3100 Nauck.
757 3029 799 3099 ad
812 3028 882 3101 Oed
910 3029 977 3101 Col.
996 3030 1092 3103 1079
1111 3043 1143 3102 et
1161 3028 1202 3102 de
1218 3029 1317 3126 parti·

96 3236 99 3240 ¹
141 3192 152 3210 κ
206 3147 279 3219 cula
297 3146 337 3219 ἰώ
356 3149 543 3247 interposita
562 3151 636 3222 Eur.
653 3150 747 3222 Herc.
763 3151 822 3221 lur.
838 3149 929 3222 739:
955 3149 1002 3222 ἰὼ
1024 3151 1125 3232 θίκα
1146 3148 1205 3222 καί
1222 3153 1316 3221 θεῶν

205 3265 397 3361 παλίρρους
410 3266 575 3360 πότμος.
601 3268 719 3342 Aesch.
732 3269 939 3344 roncum
959 3268 1004 3341 ἰὼ
1023 3269 1069 3355 ίῲ
1082 3271 1211 3362 μοῖρα
1225 3270 1315 3360 μοῖ-

201 3411 270 3481 ρα.
305 3385 362 3458 Sin
387 3413 463 3460 vero
488 3389 689 3482 καθαμερία
715 3389 880 3482 retinetur,
906 3415 966 3487 pro
988 3388 1100 3484 φθίνει
1126 3387 1238 3483 φθίνει
1262 3399 1316 3458 ant

205 3506 412 3580 scribendum
426 3531 499 3578 oum
512 3507 692 3580 Nauckio
710 3521 762 3580 est
777 3507 952 3604 φθίσει,
970 3506 1142 3604 φθίσει,
1160 3519 1215 3578 ant
1228 3504 1315 3602 quud

205 3625 404 3725 probabilius
432 3626 568 3698 lursitan
595 3627 707 3702 luerit:
738 3605 919 3723 aporici,
950 3627 1122 3724 σφαλεῖ.
1168 3621 1319 3696 cordat

205 3745 289 3818 enim
308 3770 371 3816 non
390 3734 521 3817 multum
540 3744 705 3844 discrepat
722 3773 741 3818 a
758 3745 920 3820 dunaal.
947 3747 994 3819 De
1007 3746 1080 3844 ipsu
1093 3757 1210 3833 autem,
1229 3743 1315 3842 quod
1443 3759 1444 3796 t

204 3864 310 3964 posui,
328 3864 427 3936 verbo
446 3865 486 3936 cl.
502 3864 575 3935 Eur.
598 3865 635 3936 lr.
652 3864 736 3956 275,
751 3865 792 3937 3:
819 3864 918 3962 ἢκαί
935 3862 1134 3957 παραυτίκ’,
1157 3863 1181 3960 ἢ
1194 3861 1314 3958 χρόνῳ
1443 3937 1444 3952 χ

204 3982 376 4076 θαίμων
396 3980 497 4081 βίον
522 3978 702 4079 ἔσφηλε.
728 3982 1175 4081 Ηίφρ.871;ὧόαῖμαν,
1194 3979 1320 4063 εἴπας
1443 3981 1444 3992 ’

204 4099 287 4192 ἔστι,
307 4102 359 4199 μὴ
382 4100 562 4197 σφήλῃς
584 4100 763 4195 δόμους.
789 4100 872 4174 llled.
892 4101 982 4174 198:
1001 4100 1316 4182 ἐξῶνθόνατοι

202 4219 316 4292 darual
333 4242 370 4290 τε
388 4219 519 4314 τύχαι
541 4218 791 4314 σφάλλουσι
813 4220 991 4310 όόμοος.
1022 4219 1107 4306 Quid
1122 4246 1197 4293 vero
1212 4219 1315 4293 dicam

204 4339 245 4413 de
263 4339 371 4413 verbis
389 4364 473 4437 quae
492 4339 746 4435 subsequuntur:
