2914 4820
1198 319 1358 390 21,

132 546 326 647 praesertim
349 543 483 642 saepius
502 546 607 622 ποιεῖν
625 556 657 616 et
675 544 787 615 πονεῖν
804 541 960 640 permixta
979 565 1055 614 esse
1072 538 1243 627 eonstet‘)

131 667 196 738 nisi
221 691 261 738 ex
287 667 360 764 ipso
387 663 621 736 sententiarum*
644 663 757 735 ordine
781 673 966 759 appareret,
988 659 1029 732 de
1046 660 1109 731 vite
1133 658 1244 730 matris

133 783 293 882 flagitiosa
319 795 442 856 tanturn
468 781 565 876 mndn
587 780 746 854 Electram
772 780 826 852 hie
851 779 1006 876 rogitare,
1033 803 1095 848 non
1120 777 1243 856 desua

134 902 247 974 dolore
264 915 297 975 et
313 899 527 999 aegritudine,
545 900 636 972 euius
655 911 770 998 postea
788 899 917 972 demum
933 897 1127 970 mentionem
1145 895 1245 968 iniieit

133 1047 162 1092 v.
179 1023 251 1094 282
271 1039 339 1118 sq.:
358 1016 428 1112 ἐγὼ
451 1017 484 1088 δ
500 1017 610 1110 δρῶδ
625 1021 649 1115 ἡ
672 1015 849 1111 δύσμορος
867 1017 956 1088 κατὰ
978 1015 1106 1110 στέγας
1123 1013 1242 1103 κλαίω,
1257 1031 1258 1035 ’
1346 1047 1349 1062 ·

135 1137 275 1236 τέτηκα,
299 1136 505 1209 κάπικωκύω
528 1135 664 1230 πατρδς
683 1137 744 1234 τὴν
765 1136 991 1208 δυστάλαιναν
1008 1134 1095 1206 δαῖτ’
1112 1133 1243 1229 ἐπωνο-

134 1255 314 1353 μασμένην
331 1253 417 1352 αὐτὴ
435 1253 526 1348 πρὸς
540 1255 659 1352 αὑτήν.
699 1256 744 1326 Ex
761 1254 812 1327 his
830 1255 927 1352 igitur
943 1253 1162 1352 angustiisita
1182 1278 1243 1325 nos

138 1375 304 1448 commode
321 1373 541 1471 expediemur,
560 1386 593 1446 ut
611 1375 834 1447 emendemus:
1076 1399 1079 1412 ·

284 1491 358 1563 ἀλλ’
372 1491 549 1586 ὡσπερεὶ
565 1493 751 1588 χλιδῶσα
774 1493 845 1574 τοῖς
864 1491 1091 1584 ποιουμένοις,

135 1613 221 1712 quud
245 1611 425 1685 sententiae
448 1624 499 1683 est
521 1633 676 1710 perquam
701 1611 915 1700 conveniens3
937 1610 978 1682 ci.
995 1609 1112 1682 Aeseh.
1135 1611 1240 1681 Prom.

135 1732 223 1804 971:
245 1729 390 1826 χλιδᾶν
407 1725 527 1827 ἔοικας1
546 1731 617 1812 τοῖς
635 1733 785 1823 παροῦσι
807 1729 994 1824 πράγμασι.
1025 1729 1099 1800 Εαν.
1119 1729 1156 1800 ir.
1178 1729 1240 1800 ine.

137 1849 224 1922 976:
245 1849 382 1944 πλούτῳ
401 1850 586 1945 χλιδῶσα
603 1849 714 1946 δνητὰ
731 1849 778 1940 δ,
801 1848 958 1944 ὦχύναι,
981 1849 1111 1944 φρόνει.
1138 1846 1239 1946 Soph.

135 1967 180 2041 Ei.
198 1969 286 2041 360:
303 1967 406 2062 δῶρ’,
425 1966 483 2063 ἐφ’
499 1963 564 2039 οἷσι
582 1970 639 2040 νῦν
651 1968 805 2063 χλιδᾷς.

211 2087 269 2158 His
292 2100 396 2159 autem
420 2088 596 2159 admoneor
619 2099 653 2157 ut
674 2084 796 2184 aliquid
820 2085 914 2157 etium
938 2084 979 2157 de
1002 2084 1040 2155 iis
1059 2083 1242 2156 addendum

138 2205 323 2297 existimem,
342 2231 423 2304 quau
441 2205 527 2304 apud
620 2303 623 2310 Ι

201 2493 225 2560 *)
252 2494 412 2548 Documento
431 2500 471 2546 est
487 2493 666 2631 ὲΜὲὲιιοιχδιῖ
683 2497 774 2566 fragm.
786 2495 823 2632 (ld,
837 2495 1019 2631 iitiga‘ttdff:

438 2595 484 2630 νον
562 2595 595 2630 κα
622 2595 881 2648 τααςμακαρονςκ
916 2596 1051 2643 οομενοος

435 2661 507 2727 ὑμᾶς
523 2663 580 2732 ὁρῶ
598 2667 798 2724 πονοῦντας
812 2665 874 2734 ἡμῖν
893 2663 1015 2732 ἐμφερῆ·

251 2750 290 2802 siu
314 2750 383 2801 enim
408 2757 478 2802 reete
496 2748 636 2802 Geeiius
659 2751 765 2818 scripsit
789 2766 836 2818 pro
859 2749 984 2801 librorum
1008 2748 1150 2816 scriptura:
1169 2762 1241 2796 ποι-

250 2833 387 2892 οῦντας.
410 2833 492 2887 Porro
510 2833 655 2887 Menand.
673 2835 704 2887 ir.
721 2833 758 2899 (4,
777 2834 839 2898 109)
859 2831 920 2885 tat:

747 2915 863 2976 οδδενδς
871 2916 927 2988 χρὴ
940 2916 1101 2986 πράγματος

436 3002 483 3057 τδν
503 3000 535 3056 εὖ
553 3002 719 3058 πονοῦνιῬ
733 3001 807 3062 ὅλαις
823 3001 982 3072 ἀποχνῶναὶ
997 3019 1063 3054 ποτε
1087 3019 1092 3032 ‘

235 3077 311 3141 'ante
329 3088 478 3142 Grotium
497 3090 662 3142 suribebatur
679 3087 855 3140 τοιῶνδ’.

320 3176 400 3243 Atque
424 3172 493 3226 idem
516 3175 605 3228 vitium
629 3173 708 3227 hodie
733 3172 939 3243 deprehenditur
960 3171 1095 3224 Philam.
1114 3185 1193 3224 enm.
1213 3171 1242 3221 tr.

252 3259 276 3318 4,
293 3259 325 3310 24
343 3259 413 3324 (71):

438 3338 511 3412 ἄλλῳ
528 3344 655 3394 πονοῦντι
671 3340 768 3412 ῥᾴδιον
786 3341 949 3410 παραινέσαι

437 3423 521 3486 ἔστιν,
540 3431 681 3496 ποιῆσαι
699 3423 726 3479 δ’
738 3423 820 3479 αὐτὸν
839 3424 901 3498 οὐχὶ
917 3419 1023 3498 ῥᾴδιον.

252 3511 386 3566 Manifesta
405 3519 446 3566 est
462 3517 548 3566 autem
567 3513 730 3566 emendatio:

436 3600 583 3666 πονῆσαι
601 3595 628 3648 δ’
640 3595 722 3650 αὐτὸν
740 3597 802 3670 οὐχὶ
817 3590 922 3670 ῥᾴδιον.

250 3684 284 3759 ¹ei.
306 3683 367 3736 Eur·
389 3683 441 3736 tte.
463 3683 541 3734 1078:
561 3679 632 3753 ῥᾷον
656 3685 797 3751 παραινεῖν
821 3683 838 3754 ἢ
863 3680 988 3736 παδόντα
1011 3684 1161 3751 καρτερεῖν.
1196 3684 1243 3736 [tto

252 3768 326 3822 Cass.
344 3765 476 3828 xxxvtlt
496 3767 541 3820 ¹8:
566 3765 633 3820 ὅθεν
652 3785 704 3820 πον
722 3767 792 3820 πάνυ
810 3765 900 3828 καλῶς
914 3765 1029 3840 εἴρηται,
1048 3767 1090 3820 ότι
1105 3767 1175 3840 ῥᾷον
1194 3785 1243 3820 πα-

249 3851 375 3918 ραινέσαι
393 3849 509 3920 ἑτέρους
526 3850 599 3906 ἐστὶν
617 3853 634 3924 ἢ
653 3851 736 3908 αὐτὸν
755 3852 881 3909 naddaver
896 3859 1069 3924 καρτερῆσαι.
1087 3855 1244 3910 tuerere:

239 3934 319 4002 οἶδ’·
341 3933 409 3988 ἀλλὰ
426 3937 554 4001 κάμπτειν
572 3937 611 4009 τῷ
626 3937 722 4010 χρόνῳ
739 3936 827 3998 λύπας
839 3938 942 4010 χρειόν.
962 3945 1048 4012 χρῆν·
1067 3942 1150 3992 τοῦτο
1168 3938 1195 3991 δ’
1207 3938 1243 3990 εῖ-

251 4023 309 4072 πεῖν
325 4019 396 4092 ῥᾷον
414 4021 431 4092 ἢ
449 4023 547 4090 φέρειν
565 4024 640 4075 κακά.
665 4023 706 4078 Fr.
719 4023 778 4084 576,
796 4025 877 4095 dsq.:
897 4023 964 4077 ἀλλὰ
982 4027 1067 4078 ταῦτα
1082 4024 1137 4094 γάρ
1155 4021 1242 4093 λέγειν

251 4107 448 4172 ἐπιστάμεσδα,
466 4106 533 4176 δρᾶν
551 4107 578 4160 δ’
589 4107 739 4178 ἀμηχάνως
754 4105 821 4180 ἔχει.
839 4110 931 4164 λαεαλι.
944 4111 1030 4172 Prem.
1043 4110 1103 4163 263:
1122 4107 1242 4177 ἐλαφρὸν

251 4191 329 4251 ὅστις
341 4193 470 4264 πημάτων
490 4190 546 4252 ἔξω
565 4191 637 4244 πόδα
655 4189 713 4264 ἔχει
731 4195 870 4262 παραινεῖν
890 4195 1030 4248 νονδετεῖν
1046 4212 1076 4247 τε
1093 4194 1139 4247 τδν
1158 4198 1246 4254 κακῶς

251 4278 418 4347 πράσσοντα,
430 4278 499 4332 unde
510 4285 648 4331 manarunt
656 4278 777 4338 tortasse,
787 4295 854 4347 quae
864 4279 890 4332 in
900 4279 990 4348 adesp.
997 4279 1035 4350 fr.
1045 4282 1095 4333 274
1104 4281 1126 4334 Ν
1133 4298 1170 4334 au
1179 4280 1242 4333 eki-

172 4425 175 4436 .
252 4381 287 4418 us
306 4365 405 4418 retulit:
424 4363 545 4434 ἐλαφρὸν
564 4363 704 4432 παραινεῖν
723 4362 783 4433 [τῷ]
802 4366 890 4424 κακῶς
906 4363 1063 4434 πεπραχότι.
