2914 4820
1200 308 1247 382 25

131 561 162 606 u.
180 533 255 606 367
276 531 413 626 κακήν
431 529 582 628 appellat.
625 529 738 627 Neque
757 529 1001 628 neglegendum,
1024 527 1181 602 Electram
1200 529 1250 600 his

131 643 246 724 uerbis
267 648 472 748 respondere
490 674 593 747 prope
612 648 651 720 iis
665 647 775 736 videri,
801 673 885 746 quae
904 674 998 721 soror
1015 662 1155 722 extrema
1174 673 1251 746 pro-

135 770 338 842 nuntiaverat
353 756 381 840 ν.
400 767 488 840 338:
505 765 613 838 καίτοι
626 765 740 859 τὸμὲν
752 766 927 856 δίκαιον,
945 765 1010 863 οὐχ
1022 764 1048 864 ᾖ
1060 764 1134 861 ἐγὼ
1145 765 1249 860 λέγω,

137 888 207 960 ἀλλ’
223 884 248 984 ᾗ
265 885 309 960 σὺ
327 885 461 980 κρίνεις.
495 880 543 958 Ne
561 883 672 957 multa:
690 899 942 964 consentaneum
956 900 1007 958 est
1020 886 1249 960 sententiarum

140 1007 257 1080 rationi
281 1004 485 1102 consilioque
502 1003 648 1076 Electrae
672 1030 768 1076 unum
792 1003 880 1096 illud,
904 1005 991 1102 quod
1009 1003 1250 1103 Hartungius

138 1126 189 1198 sic
206 1123 383 1224 expressit:
432 1125 459 1201 ,“
962 1202 964 1206 ,

291 1242 379 1314 Doch
397 1241 501 1318 maine
515 1241 630 1314 Weide
648 1241 695 1314 sei
714 1241 775 1314 ein
794 1256 862 1339 gut
881 1242 1096 1317 Gewissen.

69 1357 74 1364 ’
141 1361 245 1459 Atque
271 1360 535 1457 circumspiciens
561 1359 722 1458 equidem,
749 1387 833 1458 quae
858 1361 1044 1435 viderentur
1066 1385 1251 1434 accommo-

131 1479 212 1550 ,data
230 1503 306 1551 esse
324 1478 365 1550 ad
388 1478 472 1551 hano
490 1479 680 1551 sentent-iam
699 1479 950 1577 exprimendam,
973 1480 1048 1553 nihil
1068 1479 1172 1552 inveni
1191 1505 1251 1577 ap-

137 1598 199 1669 tius
219 1597 487 1694 commodiusque
505 1597 568 1670 hec
585 1599 828 1670 emendatione:

230 1725 232 1728 ’
289 1713 369 1808 ἐμοὶ
390 1715 459 1809 γὰρ
482 1711 573 1786 ἔστω
597 1714 703 1809 τούμὲ
721 1715 773 1814 μὴ
796 1715 947 1789 ἀλιτεῖν
968 1717 1074 1815 μόνον
1097 1777 1102 1788 a
1230 1782 1235 1791 .

196 1811 201 1826 ⁸
286 1834 464 1933 βόσκημα·
1023 1819 1025 1824 ’

141 1953 170 2025 h.
181 1981 211 2027 e.
226 1979 295 2027 uno
306 1980 378 2026 meo
390 1957 536 2049 uoluptas
548 1971 612 2027 esto
625 1957 707 2028 altit
718 1958 813 2049 impie
825 1957 1009 2051 nefarieque
1024 1957 1237 2027 committendi
1241 1983 1250 2044 3

138 2098 221 2169 quae
245 2073 426 2146 emendatio
447 2073 691 2146 commendatur
714 2097 778 2144 non
803 2073 1008 2146 mediocriter
1032 2075 1104 2171 ipsa
1128 2071 1250 2144 littera-

141 2215 211 2278 rum
245 2191 457 2265 similitudine.
503 2189 687 2264 Arnum(
712 2191 797 2264 anim
823 2190 974 2264 facillime
1000 2204 1106 2264 natum
1133 2203 1184 2264 ast
1212 2216 1251 2264 en
1355 2249 1357 2254 .

141 2307 167 2378 Α
174 2307 228 2380 Λ]
235 2307 351 2402 Tull,
370 2311 515 2382 nimirum
533 2309 652 2383 anterl
671 2309 808 2383 litterula
825 2311 852 2382 A
870 2311 1003 2403 omissa,
1021 2335 1086 2419 quo
1105 2311 1250 2383 vitiorum

138 2452 260 2524 genere
279 2428 355 2501 nihil
374 2442 424 2502 est
442 2429 650 2528 frequentius
691 2429 796 2530 Atque
819 2430 903 2502 idem
922 2430 1054 2503 verbum
1078 2430 1252 2502 restituen-

140 2545 213 2618 dum
232 2546 356 2620 uidetur
570 2559 571 2564 ’

198 2667 282 2738 Eur.
296 2666 449 2740 Heracl.
464 2667 528 2738 101
540 2693 549 2738 r
562 2665 657 2749 εἰκὸς
666 2670 764 2740 θεῶν
775 2665 920 2764 trappa<
930 2664 1111 2754 αᾶἲεῖσθαι,
1126 2665 1215 2754 ξένε,

562 2783 686 2881 καὶμὴ
702 2783 808 2882 βιαίῳ
823 2783 917 2880 χειρὶ
933 2783 1105 2876 δαιμόνων

560 2901 646 2975 rold’
662 2903 812 2976 ἀλιτεῖν
829 2903 862 2976 c’
879 2902 943 3002 &dp

137 3049 196 3122 pro
221 3049 261 3097 eo
285 3024 372 3122 quod
395 3023 425 3094 in
451 3023 546 3096 codd.
568 3035 634 3096 est:
659 3021 856 3096 ἀπολείπειν
873 3021 906 3095 o’
923 3021 1001 3122 ἕδη.
1021 3067 1065 3077 -
1086 3024 1133 3098 De
1151 3023 1250 3098 verbo

136 3141 289 3215 ἀλιτεῖν
306 3143 446 3241 denique
463 3143 503 3214 cl.
519 3142 637 3216 dasch.
654 3143 763 3214 Prom.
778 3143 864 3216 534.
888 3142 977 3214 Eum.
995 3143 1078 3216 269.
1099 3142 1182 3214 316.
1201 3183 1245 3194 -

214 3353 457 3478 Chiysotlremis
474 3379 515 3452 ab
534 3404 648 3452 sorore
663 3378 882 3452 vehementius
895 3377 1073 3477 vituperata
1087 3377 1251 3476 ignaviae-

138 3524 202 3596 que
219 3498 401 3572 insimulata
424 3524 497 3571 cum
520 3497 759 3596 significaverit,
777 3497 846 3570 lore
869 3497 1042 3596 aliquando
1066 3497 1163 3589 diem,
1187 3523 1250 3597 qua

138 3615 183 3690 illi
207 3617 363 3716 probetur
385 3618 491 3717 ipsius
515 3615 696 3710 consilium,
724 3643 862 3717 cumque
887 3615 1013 3690 Electra
1037 3617 1165 3714 penitus
1188 3616 1252 3689 hoc

136 3749 286 3810 aversata
304 3737 356 3827 sit,
374 3721 480 3835 aequo
498 3735 605 3809 animo
622 3736 800 3838 respondet

210 3855 262 3926 El.
282 3855 397 3928 1030:

283 3973 425 4068 μακρὸς
438 3973 477 4048 τὸ
494 3975 605 4070 κρῖναι
622 3978 730 4048 ταῦτα
747 3974 810 4070 χώ
828 3973 949 4057 λοιπὸς
957 3976 1106 4072 χρόνος,Ι

134 4095 166 4166 in
192 4095 320 4194 quibus,
344 4109 377 4169 ut
395 4097 502 4171 verbis
521 4110 592 4170 utar
610 4094 793 4170 Meinekii
817 4099 927 4196 [Aaql.
943 4121 976 4193 p.
992 4095 1093 4186 265),
1119 4119 1183 4166 non
1202 4095 1251 4166 in-

134 4213 308 4313 tellegitur,
332 4240 397 4314 quo
419 4215 493 4298 καί
509 4217 713 4291 referendum
738 4215 790 4288 sit.
826 4214 996 4313 Plerisque
1014 4225 1120 4288 auum
1138 4212 1251 4313 negle-

133 4335 295 4431 gentibus
318 4331 644 4409 Schneidewinus
662 4334 909 4432 interpretatur:
934 4314 1044 4426 noch,
1067 4333 1154 4431 quod
1172 4333 1249 4431 quid
