2900 4834
185 327 233 399 76

133 620 135 624 ,
186 551 240 621 det
258 577 285 621 v.
305 547 516 638 13612052,
536 545 903 641 epotp’exuaroew
953 581 960 626 ς
1094 597 1099 608 .

186 669 274 767 quod
288 669 331 741 ita
348 667 519 740 Nauclrio
533 665 693 764 displicet
711 678 746 738 ut
762 680 891 764 poetam
909 664 1084 763 scripsisse
1102 661 1303 761 suspicetur:

186 785 259 875 οῦκ,
280 785 366 880 ἐμοῦ
384 809 426 880 γε
443 786 602 867 ζῶντος.
638 785 696 856 Cui
715 784 921 856 coniecturae
939 783 1012 856 licet
1029 785 1137 856 lavere
1156 783 1303 855 videatur

133 928 137 934 ·
186 905 359 978 similitudo
378 902 589 1002 complurium
609 902 764 994 locorum,
783 917 817 976 ut
834 901 936 1000 Soph.
953 903 1025 976 Ant.
1041 903 1131 976 525:
1155 901 1243 994 ἐμοῦ
1260 923 1304 994 γε

187 1025 354 1106 ζῶντος
373 1021 436 1094 οῦκ
458 1022 558 1115 ἄρξει
580 1024 676 1119 γυνή.
703 1024 778 1095 Eur.
794 1022 921 1096 Heracl.
938 1023 1003 1096 66:
1026 1021 1090 1094 οῦκ
1106 1021 1154 1094 ἂν
1167 1020 1302 1114 γένοιτο

188 1143 280 1216 τοῦτ’
302 1142 389 1234 ἐμοῦ
412 1142 579 1224 ζῶντός
598 1165 693 1214 ποτε.
728 1143 818 1217 650:
840 1144 904 1214 οῦκ
921 1137 1105 1235 ἔστ’ῦγειν
1121 1161 1163 1212 σε
1180 1137 1299 1211 τοῦσδ’

188 1263 276 1355 ἐμοῦ
294 1262 441 1360 ζώσης
460 1259 554 1333 ποτέ.
584 1261 678 1364 Herc.
694 1263 753 1333 lun.
771 1262 860 1335 tet:
883 1260 969 1354 ἐμοῦ
987 1260 1055 1354 γὰρ
1074 1261 1245 1342 ζῶντος
1260 1256 1302 1330 οῦ

187 1382 317 1461 κτενεῖς
327 1403 413 1451 ποτε
425 1376 739 1472 τοῦςἬρακλείους
752 1381 889 1468 παῖδας,
908 1395 1013 1452 tamen
1027 1378 1181 1451 librorum
1196 1379 1304 1475 scrip·

189 1513 280 1572 turae
297 1499 377 1571 satis
395 1499 548 1597 praesidii
567 1498 649 1570 lraec
666 1499 805 1570 allerunt
821 1497 891 1570 Hel.
909 1497 1164 1570 totumne·
1182 1496 1303 1590 adpro·
1326 1541 1330 1548 ·

189 1642 246 1690 νον
268 1617 311 1688 dd
332 1617 397 1714 σὴν
420 1616 462 1688 οὐ
485 1620 615 1698 κτενεῖς
634 1619 758 1713 ἡμῶν
780 1617 995 1705 ἑκόντων,
1019 1615 1088 1686 ἀλλ’
1105 1610 1168 1708 ἔμ’.
1198 1613 1327 1713 δορὴ,

188 1737 271 1810 Oed.
289 1736 357 1808 Col.
377 1737 489 1809 1634:
510 1733 569 1806 καὶ
585 1733 797 1823 κοπαίνεσον,
817 1737 869 1831 μή
887 1735 1185 1828 ποτεπροῦώσειν
1202 1731 1300 1804 τάσδ’

188 1854 303 1926 ἑκών
328 1855 396 1925 κτλ.
447 1854 620 1950 Utrumque
646 1867 753 1926 autem
778 1855 919 1926 iunctum
947 1866 997 1926 εει
1022 1854 1096 1924 Eur.
1118 1852 1202 1926 llled.
1218 1853 1301 1925 751:
1437 1941 1438 1944 Ἴ

189 1972 339 2066 ῦμνυ-
356 1972 441 2069 μήτ’
460 2013 503 2026 -
521 1973 690 2068 μεθήσειν
714 1972 797 2053 ζῶν
818 1971 1014 2068 ἑκουσίῳ
1038 1972 1200 2066 τρόπῳ.
1220 2019 1222 2028 x

266 2212 344 2310 lph.
360 2211 466 2283 Taur.
483 2213 573 2287 482:
588 2209 724 2282 τίτυῦτ’
740 2210 870 2303 ὀδύρεο,
885 2209 968 2282 κάπὶ
980 2213 1052 2293 τοῖς
1058 2210 1221 2303 μέλλουσι
1235 2213 1303 2304 νῷν

438 2358 440 2366 ’
587 2332 718 2401 κακοῖσι
730 2330 886 2419 λυπεῖς,
905 2327 1126 2426 ἥτιςεῖποτ’,
1146 2327 1307 2423 diptica&

192 2449 253 2536 Qui
268 2447 467 2554 retinendam
482 2449 566 2519 hanc
580 2446 731 2518 librorum
749 2450 940 2547 scripturam
960 2450 1080 2520 ducunt
1100 2475 1171 2521 cum
1191 2446 1307 2520 Seid·
1357 2452 1362 2468 “

192 2568 276 2640 lero
290 2567 470 2640 Klotzios
483 2581 516 2638 et
530 2565 705 2664 Koechly,
722 2567 785 2640 lroc
799 2567 908 2664 volunt
921 2569 1030 2669 dicere
1038 2567 1203 2642 Orestem:
1220 2571 1307 2652 Ouid

191 2692 269 2760 hoec
286 2689 469 2759 lamentaris
487 2703 516 2758 οι
533 2691 577 2758 od
594 2689 808 2780 impendentia
825 2689 916 2758 nobie
932 2689 1019 2759 molo
1033 2691 1161 2781 insuper
1174 2691 1307 2759 molesto

192 2801 247 2878 es'l
273 2808 323 2896 Αι,
338 2823 371 2878 ut
384 2810 506 2900 ineptos
520 2807 676 2878 eiusmodi
693 2805 937 2878 lamentationes
950 2820 1039 2878 recte
1054 2819 1147 2879 vocet
1159 2805 1307 2896 Orestes,

193 2927 247 3023 qui
272 2927 403 3023 quidem
426 2950 489 2996 non
513 2949 630 3023 sapere
654 2926 751 3014 dicat,
766 2926 801 2998 'si
821 2925 895 3023 quis
913 2923 1139 2997 lamentatione
1157 2938 1189 2997 et
1207 2924 1307 2997 mise-

191 3045 332 3116 ricordia
356 3043 501 3116 timorem
525 3043 606 3132 eius,
630 3041 680 3113 cui
700 3068 788 3114 mors
806 3043 913 3132 instet,
937 3042 1004 3115 tolli
1024 3069 1124 3141 posse
1142 3043 1305 3142 opinetur:

193 3187 398 3261 nequaquam
412 3175 516 3234 tamen
535 3164 695 3234 molestiae
713 3159 796 3232 ullus
810 3160 903 3233 locus
917 3173 978 3253 εει,
997 3187 1070 3235 cum
1083 3161 1306 3235 misericordia

193 3307 256 3353 non
276 3282 381 3354 soleat
398 3307 545 3380 pungere
559 3282 667 3354 miseri
688 3282 825 3353 hominis
844 3282 984 3354 animum
1005 3283 1064 3354 sed
1084 3281 1227 3354 delenire
1246 3307 1307 3379 pn·

168 3401 256 3474 tius
282 3427 323 3473 ac
348 3401 504 3474 suavitate
530 3401 668 3498 quadam
694 3402 900 3499 perfundere.
937 3402 1069 3474 Diversa
1095 3414 1200 3472 autem
1224 3398 1306 3470 ratio

192 3545 305 3592 corum
323 3532 375 3592 est
392 3519 509 3616 quibus
528 3532 658 3593 utuntur
675 3519 820 3592 locorum
837 3518 939 3618 Soph.
955 3519 1027 3592 Ant.
1047 3519 1134 3610 573,
1157 3519 1210 3590 ubi
1228 3519 1309 3590 Cre·

192 3640 278 3711 ontis
292 3639 394 3710 oratio
413 3652 465 3712 est
481 3639 667 3711 acerbitatis
686 3638 889 3736 plenissima:
907 3637 1011 3730 ἄγον
1029 3661 1075 3730 γε
1091 3638 1235 3718 λυπεῖς
1248 3633 1308 3707 καὶ

191 3755 234 3828 σὺ
260 3754 319 3827 καὶ
339 3756 381 3850 Υτὸ
409 3757 471 3830 σὸν
495 3757 612 3854 λέχος·
635 3782 676 3831 ee
699 3758 750 3828 vix
776 3759 948 3856 quisquam
974 3757 1091 3854 opiner
1113 3757 1178 3828 hoc
1199 3754 1306 3842 sentit,

191 3876 363 3948 Creontem
385 3900 553 3973 respuere,
579 3900 671 3973 quae*
687 3879 786 3949 amice
810 3903 851 3950 ac
877 3880 1021 3949 benevole
1045 3875 1231 3948 admonitus
1255 3874 1307 3961 sit,

191 4007 353 4094 umquem
371 3996 500 4068 inutilia
518 4008 615 4093 atque
633 3999 749 4069 alieno.
790 3996 839 4069 An
863 3995 1011 4068 Creontis
1035 3993 1306 4066 iracundiam

192 4111 1306 4212 Antigonaequeco'mmotumanimumcumlortunaOrestis

191 4231 426 4332 etlphigeniae
450 4258 550 4306 cura
573 4233 702 4305 animi
728 4259 768 4330 ac
790 4231 1101 4305 misericordia
1120 4245 1209 4304 recte
1228 4255 1307 4303 con·

193 4351 279 4424 tendi
298 4349 420 4450 putas?
455 4354 503 4426 Ac
522 4379 562 4426 ne
580 4353 691 4426 Aiacis
707 4351 838 4449 quidem
856 4351 1046 4444 orationem,
1070 4377 1133 4448 que
1152 4351 1308 4422 Tecmes-
