2900 4834
1209 321 1254 389 81

138 543 265 615 videtur
284 566 347 613 non
367 563 504 638 prorsus
522 539 659 637 integra.
692 539 762 612 Non
782 539 887 611 habeo
906 521 1002 628 enim,
1020 537 1138 634 quibus
1153 563 1260 610 exem·

138 660 202 760 piis
226 657 263 731 εί
280 656 544 752 πάλαι-σοφός
564 657 735 729 commode
758 657 864 754 possit
887 655 1049 727 illustrari.
1084 655 1130 726 Αο
1149 655 1260 752 possis
1299 723 1311 750 s
1346 671 1348 678 '

140 777 314 876 suspicari,
337 775 513 873 scripsisse
531 787 678 872 poetam:
699 773 762 844 καί
775 795 825 854 τις
839 770 876 843 εἷ
887 773 1057 865 πάμπαν
1074 773 1193 868 σοφός,
1217 773 1259 845 ο1.

138 895 223 968 Med.
250 895 357 967 1091:
383 894 569 984 πάμπαν
596 889 746 984 ἄπειροι.
782 891 937 974 Androm.
966 892 1052 963 140:
1078 891 1262 984 πάμπαν

139 1014 283 1084 τάλαινα
301 1011 430 1106 νύμφα,
448 1009 499 1081 vei
517 1009 551 1079 Γ
546 1009 571 1080 Α
580 1009 612 1079 Γ
607 1009 674 1080 ΑΝ
684 1009 804 1103 σοφάς,
832 1009 864 1080 h
881 1034 910 1081 e

188 1193 190 1198 .
292 1125 333 1199 εὖ
352 1152 373 1222 γ
374 1124 505 1208 ἐἶπας
519 1124 606 1196 αὐτὸ
623 1124 687 1196 καί
697 1147 748 1206 τις
763 1123 890 1219 eir*
864 1145 971 1220 αγαν
989 1125 1108 1220 σοφός,

140 1205 181 1318 ol.
202 1245 286 1318 Med.
309 1246 397 1318 305.
422 1242 544 1336 είμὶά
566 1241 630 1313 ουκ
653 1239 757 1336 αγαν
779 1246 899 1340 σοφή
934 1245 1024 1320 583:
1048 1240 1177 1315 ἔστιὸ
1198 1243 1262 1315 οὐκ

140 1363 245 1458 ἄγαν
262 1363 399 1457 σοφάς.
437 1361 504 1436 Sed
524 1363 619 1436 etiem
637 1363 706 1434 hoo
719 1361 814 1434 iaoile
832 1375 960 1459 poteret
977 1363 1057 1454 fieri,
1076 1376 1110 1434 ut
1128 1377 1202 1460 post
1222 1363 1267 1433 el

139 1481 286 1553 interiret
304 1479 418 1552 voouio
439 1477 501 1551 Cr.
541 1480 679 1566 Quodsi
694 1480 826 1552 dederis
839 1481 913 1552 vide
925 1505 967 1552 an
983 1480 1190 1552 scribendum
1206 1481 1261 1552 sit:

141 1649 153 1658 -
295 1595 335 1670 εὖ
354 1597 382 1692 γ’
399 1595 502 1679 εἶπας
517 1595 602 1670 αὐτὸ
620 1596 683 1668 καί
695 1619 746 1679 τις
761 1594 856 1668 εἶσι)
871 1598 1068 1692 πάνσομος

143 1715 372 1790 attinetur.
391 1718 473 1788 188.
494 1713 597 1812 Soph.
613 1715 651 1786 11.
666 1715 757 1786 827:
780 1715 994 1810 πάνσοφον
1015 1715 1174 1813 κμόνημα
1195 1715 1261 1787 Λα-

142 1829 404 1928 έμτοομίνοςῖ)

158 2117 162 2123 -
219 2068 372 2142 Hereol.
391 2069 429 2143 3:
448 2069 468 2138 ὁ
486 2065 519 2138 (λ’
536 2065 588 2149 είς
603 2065 641 2138 τὸ
658 2065 789 2159 κέρδος
803 2067 879 2164 λῆμ’
896 2063 989 2162 ἔχων
1007 2067 1187 2161 ἀνειμένον

405 2198 407 2202 ’
454 2186 550 2256 πόλει
568 2185 598 2255 τ’
615 2183 795 2282 ἄχρηστος
808 2183 868 2256 καὶ
880 2177 1124 2258 συναλλάσσειν
1135 2187 1262 2284 βαρύς,

403 2321 407 2333 ’
454 2303 809 2398 αῦτῷάᾶμιστος·

144 2427 208 2496 Pro
223 2450 267 2496 eo
286 2423 374 2521 quod
392 2423 424 2494 in
444 2421 533 2494 libris
552 2435 604 2494 est
616 2449 646 2494 v.
662 2421 686 2494 5
705 2421 850 2515 azioni&
867 2420 1041 2514 ἄριστος
1056 2424 1264 2497 scribendum

143 2569 220 2615 esse
239 2561 376 2615 censeo:

454 2656 554 2752 αὑτῷ
571 2657 604 2728 (λ’
622 2657 817 2750 ἀρεστός·

143 2778 341 2877 eontrarium
359 2790 410 2849 est
427 2776 511 2849 enim
530 2775 718 2872 ἄχρηστος,
743 2776 782 2848 oi.
800 2776 868 2874 lph.
884 2775 955 2846 Aut.
971 2775 1062 2848 521:
1083 2768 1209 2849 κούδέν
1227 2778 1261 2871 γ’

144 2893 343 2988 ἀρεστὸν
372 2894 459 2966 οὐδὲ
480 2895 717 2992 χρήσιμον
746 2893 878 2986 παρόν,
915 2919 1000 2990 quae
1031 2894 1184 2991 speciosa
1216 2909 1266 2968 est

143 3012 303 3085 Nauekii
327 3012 520 3084 emendatio.
558 3012 661 3083 idem
680 3015 841 3102 (Αάάουά.
864 3015 909 3083 σά
926 3015 974 3083 σά.
993 3017 1113 3106 [roem.
1129 3038 1161 3109 p.
1178 3011 1266 3102 XV.)

146 3145 237 3204 reete
260 3125 442 3204 emendavit
464 3131 550 3201 Eur.
570 3131 705 3228 fragm.
725 3130 808 3220 194,
831 3133 870 3202 2:
892 3131 913 3200 ὁ
936 3129 969 3200 δ’
993 3129 1128 3224 ἥσυχος
1146 3130 1273 3224 φίλοισί

278 3316 346 3323 ,φα

153 3393 160 3400 ’
214 3415 239 3481 Ἶ
265 3415 401 3470 Reoordor
427 3416 478 3468 hoo
504 3417 563 3469 loeo
591 3432 622 3469 ea
650 3432 717 3485 quae
746 3415 868 3484 teguntur
891 3417 1033 3490 Philem¹¹
1051 3433 1130 3471 oom.
1152 3417 1268 3484 fragm.

265 3503 317 3554 ine.
335 3498 453 3554 LXXXV.
471 3501 508 3565 (4,
527 3501 583 3566 59):
740 3551 742 3556 .

312 3649 319 3662 .
418 3583 488 3654 ἀνὴρ
505 3583 634 3653 γυναικὸς
649 3581 798 3649 λαμβάνων
817 3581 984 3650 συμβουλίαν

419 3670 510 3720 πεσεῖν
530 3667 664 3726 δεδοικὼς
679 3666 811 3734 βούλεται
829 3664 932 3718 πάλιν
952 3670 1067 3738 stettein„

265 3753 309 3806 ubi
328 3770 376 3822 pro
395 3750 514 3810 πάλιν,
534 3753 605 3822 qnod
623 3755 741 3822 ineptum
760 3759 852 3821 aperte
871 3759 919 3812 est,
938 3751 1129 3805 Meinekius
1143 3754 1292 3806 oonieoitz·

265 3837 411 3896 πάντως.
448 3839 554 3890 Rectius
579 3840 682 3906 opinon
698 3842 830 3898 statueris,
856 3853 886 3889 ex
909 3837 1091 3890 antecedentis
1110 3839 1182 3890 verbi
1201 3835 1270 3901 βου·

264 3919 340 3973 λεται
364 3923 457 3975 litteris
476 3925 599 3976 extremis
624 3939 680 3973 ται
705 3928 791 3975 ortum
811 3910 871 3974 osse
890 3925 961 3992 quod
980 3923 1054 3974 libris
1072 3921 1188 3974 tradetur
1212 3937 1269 3978 πα,

265 4001 309 4058 Al
316 3999 342 4058 N
350 4015 437 4059 autem
450 4007 514 4060 nihii
528 4023 588 4060 esse
601 4009 651 4060 nisi
664 4002 734 4058 AIA
744 4001 780 4067 N,
794 4015 821 4059 111
833 4009 974 4075 soripsisse
986 4006 1121 4059 Philemon
1136 4005 1268 4058 videatur:

421 4091 513 4142 πεσεῒν
532 4089 666 4148 δεδοικὼς
680 4087 811 4155 βούλεται
830 4086 908 4141 λίαν
927 4092 1028 4142 πεσεῖν.

267 4176 299 4226 of.
319 4174 380 4228 Eun.
398 4173 453 4243 lph.
473 4175 549 4227 Teur.
568 4175 630 4225 ⁷21:
655 4171 715 4225 ἀλλ’
729 4171 802 4226 ἔστιν
822 4171 896 4226 ἔστιν
915 4175 931 4243 ἡ
950 4172 1007 4226 λίαν
1027 4169 1178 4239 δυσπραξία
1196 4169 1270 4222 λίαν

267 4256 382 4308 διδοῦσα
405 4254 572 4323 μεταβολάς,
597 4256 662 4308 ὅταν
687 4255 762 4328 τύχῃ.
803 4259 896 4311 Aesoh.
915 4259 1001 4311 Prom.
1020 4258 1094 4309 1031:
1120 4251 1271 4314 111ςὸάού

268 4338 485 4404 πεπλασμένοςὸ
504 4341 615 4405 κόμπος,
635 4338 701 4393 ἀλλὰ
720 4340 762 4393 καὶ
780 4337 857 4394 λίαν
880 4340 1033 4411 εἰρημένος.

1071 4447 1085 4492 11
