2900 4834
180 261 255 330 tro

310 474 421 546 ortui·
448 475 483 546 τί
502 475 653 566 δρῶμεν,
679 476 834 556 θάνατος
857 477 907 546 ὧν
933 479 1042 546 κεῖται
1066 475 1167 568 πέρα

175 594 236 666 Cui
254 594 382 690 questui
402 592 487 665 bene
503 593 654 664 conuenit
672 595 760 689 quod
778 584 904 666 Creuda
920 595 1114 690 respondete
1137 592 1204 674 τίς
1219 593 1244 688 ή
1254 596 1311 664 δε

173 713 344 803 prodeam
392 710 439 782 Ao
464 708 610 782 similiter
633 712 761 782 nuntius
785 722 920 784 eoactus
944 711 1090 808 denique>
1109 711 1151 782 ab
1175 711 1308 784 loeaeta

178 853 369 923 expromere
387 827 489 902 tristia
509 827 631 900 Phaon.
652 830 747 900 1217
768 829 817 900 sio
835 828 977 900 orditur:
1001 827 1115 899 αιάἴ·
1140 827 1175 898 τί
1183 827 1224 918 μ’
1241 827 1311 900 οὐκ

37 1032 38 1043 ¹
179 942 304 1026 εἴασας
319 943 361 1024 ἐξ
376 943 569 1036 εὐαγγέλου
586 946 708 1040 φήμης
723 945 901 1032 ἀπελάεἴνς
915 959 949 1019 et
960 945 1075 1019 Medea
1090 945 1310 1042 interroganti

179 1063 391 1160 paedagogo:
413 1061 448 1133 τί
464 1062 663 1157 συρχυιλεῖα
685 1063 839 1160 ἕστηκας
859 1063 946 1160 ἡνίκ’
967 1062 1134 1158 ιάτυχεῖςς
1162 1087 1308 1160 respon-

180 1181 235 1254 det
252 1181 335 1256 Med.
355 1181 468 1254 1006:
486 1180 592 1254 αἰαῖ.

256 1417 334 1490 lon.
350 1418 442 1490 800:
460 1415 569 1510 drapo
587 1419 630 1490 dd
646 1420 747 1492 ποῖον
762 1418 867 1492 αὐτὸν
884 1418 1046 1510 ὀνομάζει
1063 1419 1200 1514 πατήρ;

459 1533 560 1625 οἷσθ’,
586 1538 610 1632 ἢ
628 1541 745 1632 σιωπή
762 1538 853 1610 τοῦτ’
870 1524 1092 1630 ἀκύρωτον
1107 1535 1226 1630 rad-reu

180 1655 255 1726 Non
276 1654 350 1728 aino
371 1679 474 1728 eausa
496 1654 693 1728 Nauekius
719 1655 752 1728 in
772 1681 854 1728 voco
876 1655 1097 1747 ἀκύρωτον·
1111 1657 1143 1726 ν.
1160 1655 1234 1726 801
1255 1655 1309 1740 oi-

182 1771 293 1860 tendit,
318 1795 382 1867 qua
401 1795 517 1841 nomen
537 1771 737 1868 signiti'oetur
755 1773 986 1862 abolitum,
1013 1771 1101 1869 qnod
1119 1782 1215 1844 antea
1235 1784 1309 1844 arat

183 1888 404 1960 constitutum:
430 1889 552 1962 Creusa
566 1915 643 1962 vero
661 1915 772 1962 aurum
791 1891 944 1977 meminit,
962 1914 1047 1986 quoe
1065 1914 1105 1964 ox
1118 1890 1196 1960 inne
1213 1913 1310 1960 cnm-

183 2005 268 2102 perit
286 2031 314 2075 v.
337 2005 425 2077 309:
447 2009 508 2076 τοῦ
531 2009 619 2076 θεοῦ
642 2007 813 2099 καλοῦμαι
831 2021 864 2078 et
881 2035 910 2078 v.
932 2008 1016 2079 311:
1039 2004 1163 2087 Λοξίου
1181 2006 1306 2101 κεκλή-

178 2126 288 2214 μεθα.
335 2123 459 2194 Deinde
486 2149 549 2194 non
578 2126 728 2198 convenit
753 2125 935 2217 ἀκύρωτον
957 2124 1117 2204 venabulo
1142 2129 1306 2220 σιωπῇ.

182 2237 251 2310 Νευ
273 2240 354 2312 satis
377 2241 573 2312 conveniens
597 2244 714 2332 habeo,
743 2244 831 2339 quod
854 2242 1000 2318 Nauuido
1023 2243 1180 2316 occurrit:
1203 2240 1307 2336 ἀκή-
1441 2315 1442 2338 p

179 2379 344 2446 ρυκτυν.
387 2357 503 2453 Aptius
519 2359 644 2432 videtur
662 2362 725 2446 hoo
743 2385 835 2434 esse:

318 2469 423 2562 οἷσθ’,
451 2475 474 2570 ἢ
501 2482 618 2572 σιωπή
643 2481 743 2550 τοῦτο
768 2477 965 2569 κρυπτὸν
992 2475 1164 2569 ἐρρὲνεα

183 2589 251 2664 Sed
269 2592 444 2666 admonent
462 2593 544 2666 haee
561 2620 612 2668 me
631 2596 672 2668 de
691 2596 740 2681 tis,
762 2621 848 2691 quae
869 2595 975 2671 luteus
998 2595 1103 2666 ehorn
1124 2594 1307 2690 respondet

193 2799 199 2812 Ι
259 2711 412 2783 Heraoi.
427 2714 492 2785 88:
511 2710 568 2782 τὸν
581 2709 781 2803 Ἡράκλειον
798 2709 870 2784 ἴστε
887 2737 956 2784 που
973 2712 1201 2806 παραστάτην

509 2829 663 2902 Ἰόλαον·
688 2829 730 2902 οὐ
747 2831 817 2923 ριλρ
835 2830 936 2920 σῶμ’
956 2829 1192 2924 ἀκήρυκτον
1210 2829 1305 2925 adde.

184 2947 386 3042 Quamquam
405 2948 490 3018 enim
509 2973 573 3018 nun
592 2949 720 3020 nescius
739 2973 821 3038 sum,
847 2947 980 3046 saepius
1003 2947 1092 3044 apud
1114 2946 1305 3042 Euripidem
1441 3003 1442 3026 t

184 3068 311 3154 σῶμα
342 3061 383 3134 ad
410 3065 571 3138 hominem
599 3065 750 3161 usurpari
777 3064 1025 3162 designandum,
1058 3076 1091 3136 ut
1118 3063 1187 3136 Ate.
1215 3064 1305 3136 636.
1441 3069 1442 3072 ’

184 3180 337 3269 Androm.
350 3182 434 3254 315.
450 3181 535 3255 Med.
548 3186 596 3255 24
611 3184 669 3274 [ot.
682 3187 720 3254 de
733 3188 834 3255 ebert.
851 3208 898 3253 nr.
917 3185 1016 3274 Septa.
1033 3183 1053 3254 Ι.
1071 3207 1108 3277 ρ.
1120 3183 1180 3252 22.
1198 3180 1307 3252 Wer-

184 3297 294 3370 nioke
307 3299 350 3370 ad
364 3299 484 3397 Tryph.
500 3328 532 3399 p.
550 3302 633 3374 349.
654 3300 813 3374 Siefert'.
830 3301 871 3371 ad
887 3299 968 3371 rtur.
985 3298 1112 3394 Philop.
1129 3299 1163 3386 3,
1179 3297 1234 3386 3):
1253 3310 1306 3368 ta-

184 3441 258 3488 mon
281 3430 395 3490 natura
417 3432 515 3515 atque
539 3421 586 3491 vis
609 3419 757 3492 adieetivi
783 3417 981 3512 ἀκήρυκτος
1004 3441 1144 3514 posooro
1168 3415 1306 3504 videtur,

184 3545 218 3604 ut
236 3533 431 3631 corrigatur:
466 3533 508 3606 οὐ
533 3536 602 3627 γὰρ
629 3533 742 3626 ὅνορ>
767 3534 963 3630 ἀκήρυκτον
988 3534 1079 3606 atus.

259 3771 343 3843 lon.
362 3773 578 3846 1287-«89.

316 3887 353 3960 K
350 3888 385 3962 Ρ.
401 3889 470 3962 ott
487 3889 601 3964 οὐκέτ’
618 3890 716 3988 ήσιλα
734 3891 868 3980 Λοξίου,
888 3890 1023 3984 πατρὸς
1038 3891 1080 3966 δὲ
1097 3896 1172 3964 σοῦ.

298 4007 385 4080 mr.
400 4007 474 4078 ἀλλ’
491 3991 770 4101 ἐγενάρεσάα,
796 4009 956 4102 πατρὸς
971 4009 1005 4078 d’
1021 4009 1164 4081 οὐσίαν
1181 4007 1302 4102 λέγω.

315 4124 384 4197 KP.
401 4125 525 4198 οὔκουν
543 4125 611 4196 τότ’
628 4125 739 4222 ἦσθα·
760 4131 817 4200 νῦν
834 4128 866 4198 d'
885 4126 969 4220 ἐγώ,
989 4126 1031 4198 σὺ
1050 4127 1084 4196 d‘
1101 4126 1237 4198 οὐκέτ’
1254 4123 1301 4196 εἶ.

184 4241 291 4312 Foede
317 4243 399 4314 haec
426 4257 578 4340 corrupta
606 4271 692 4336 esse,
719 4270 791 4316 oum
818 4270 856 4316 ex
885 4258 987 4316 metro
1007 4271 1033 4314 v.
1054 4247 1149 4316 1288
1177 4244 1303 4318 claudi·
