2900 4834
189 331 236 399 92

188 548 296 619 beant.
341 545 432 618 Licet
453 545 538 616 enim
566 509 720 636 τίίροιθε
748 542 833 614 idem
851 542 960 616 valere
983 542 1199 642 quod-coep
1221 544 1316 616 evin·

187 689 265 737 cere
291 664 426 736 forsitan
454 661 564 758 possis
590 659 739 758 exemplo
766 660 910 732 adverbii
938 660 1087 752 πάρος
1106 688 1136 732 r.
1150 661 1242 734 536:
1268 660 1316 732 ἀ-

186 782 367 876 δελφῶν
393 781 416 877 ἢ
444 781 595 870 πάρος
617 777 714 849 θέλει
739 780 869 866 θανεῖν,
902 791 1008 850 tamen
1040 779 1115 873 ἡμὴ
1146 777 1317 870 καρδία

187 900 405 994 σφαγήσεται
428 895 607 970 insolenter
629 895 748 967 dictum
772 907 834 985 est,
857 895 950 966 onius
973 895 1046 968 looo
1068 896 1314 994 exspectaveris

188 1017 262 1113 ἡρὴ
281 1016 423 1112 ψυχή,
438 1015 480 1086 cl.
497 1041 524 1084 v.
542 1013 626 1085 455.
643 1011 730 1085 530.
746 1013 831 1086 984.
846 1013 942 1086 Herc.
960 1014 1019 1084 tur.
1036 1013 1121 1086 452.
1137 1013 1207 1085 llel.
1224 1014 1311 1086 946.

189 1134 258 1206 ΑΙσ.
274 1134 359 1205 301.
381 1133 466 1204 704.
490 1131 598 1204 Orest.
615 1131 700 1202 644.
716 1132 803 1202 847.
822 1130 929 1200 1163.
949 1131 1058 1201 1171.
1083 1130 1206 1202 Phoen.
1223 1130 1310 1202 998.

187 1251 230 1324 al.
268 1251 373 1346 Atque
395 1250 491 1321 etiam
508 1247 706 1320 Nanokins
729 1251 892 1340 „turpiter
908 1251 1164 1340 interpolntnm“
1182 1271 1312 1319 versum

189 1369 312 1442 indicat
335 1368 587 1465 suspicaturque
610 1365 787 1463 scripsisse
811 1379 955 1463 poetam:
983 1365 1058 1460 ἡρὴ
1080 1363 1318 1460 σφαγείσης

187 1487 316 1580 καρδία
334 1485 617 1580 ’στερήσεται
658 1482 797 1557 Leniore
823 1508 903 1554 usos
926 1483 1106 1554 Badham.
1130 1489 1183 1554 e'st
1205 1507 1315 1554 reme-

189 1607 255 1693 dio,
281 1607 336 1703 qni
356 1603 457 1700 prael.
479 1604 521 1674 ad
540 1602 607 1673 lon.
628 1628 661 1700 p.
681 1600 776 1674 XVll.
797 1601 984 1700 proposuit:
1004 1599 1133 1692 καρδία
1156 1599 1314 1696 σφαλή-

185 1747 324 1812 σεται,
343 1723 376 1795 16
390 1721 478 1820 quod
492 1719 661 1817 perplacet
673 1720 761 1792 mihi.
793 1719 862 1792 Nec
875 1735 981 1794 tameo
995 1719 1132 1817 perfecit
1144 1718 1200 1790 ille
1212 1743 1312 1815 qnam

188 1841 353 1940 inchoavit
370 1837 640 1912 emendationem.
674 1838 759 1924 Quid
778 1838 809 1908 in
828 1837 892 1909 hac
907 1839 994 1910 enim
1012 1838 1173 1910 sententia
1191 1837 1314 1928 πάροι·

185 1961 233 2030 θε
250 1958 312 2030 sibi
327 1957 412 2048 velit,
429 1981 567 2055 prorsus
587 1981 650 2027 non
673 1954 879 2053 intellegitur.
923 1953 1140 2028 Scribendnm
1153 1980 1231 2026 vero
1245 1967 1313 2026 est:
1441 1993 1442 1996 ¹

735 2097 793 2148 και
784 2072 969 2167 γένοιθ’*
952 2075 1043 2166 υμῖν
1053 2071 1147 2143 ὅσιον

309 2129 428 2290 ἡρὴ
453 2193 664 2265 κάτωθεν
690 2191 818 2284 καρδία
843 2190 1143 2286 σραλήσετοι

189 2312 236 2383 lle
252 2336 332 2382 voce
350 2312 542 2381 κάτωθεν
561 2311 601 2382 cl.
612 2310 789 2381 Wunder.
800 2309 844 2380 ad
856 2307 960 2406 Soph
972 2309 1044 2379 Ant.
1056 2308 1141 2380 519.
1162 2306 1310 2404 Pttugk.

189 2429 230 2499 nd
250 2429 324 2498 Eur.
341 2426 411 2499 Alc.
428 2428 521 2498 424.
534 2428 572 2498 G.
589 2427 627 2498 T.
643 2427 680 2498 Α.
696 2425 903 2524 Krueger.
920 2427 961 2498 de
975 2439 1101 2498 attract.
1118 2452 1152 2524 p.
1170 2425 1243 2497 306
1258 2450 1310 2522 sq.

189 2547 266 2618 ltem
291 2543 472 2616 donanter
496 2558 681 2643 usurpatur,
706 2558 740 2615 ut
762 2543 832 2616 Hel.
856 2546 969 2618 10142
993 2546 1117 2627 τοῖςτε
1135 2542 1316 2636 νερτέροις
1443 2533 1444 2622 ξ

188 2663 248 2738 καί
264 2667 335 2746 τοῖς
350 2662 515 2736 ἄνωθεν
532 2671 635 2736 πᾶσιν
652 2663 863 2756 ἀνθρώποις.

252 2900 404 2974 Heracl.
424 2903 497 2974 608
517 2927 608 3001 sqq.:

341 3017 456 3089 οὔτινά
469 3043 557 3114 poppe
570 3022 666 3089 θεῶν
681 3016 767 3111 ἄτερ
783 3016 898 3116 ὄλβιον
912 3018 954 3090 οδ
966 3018 1194 3117 βαρύποτγιον

342 3134 455 3228 ἄνδρα
468 3134 646 3229 γενέσθαι,

146 3253 151 3260 ’
252 3253 327 3324 610
340 3251 425 3324 οὐδὲ
443 3252 500 3325 τδν
518 3251 623 3324 αὐτὸν
641 3252 699 3324 ἀεί
711 3253 864 3352 βεβίναι
881 3254 1007 3346 δόμον

340 3370 527 3467 εὐτυχίᾳ·
546 3371 645 3464 παρὰ
663 3371 696 3442 δ’
712 3370 818 3442 ἄλλον
836 3370 924 3442 ἄλλα

278 3547 281 3554 .
336 3491 444 3580 steina
463 3489 596 3560 διώκει·
904 3521 908 3528 ·

339 3605 396 3677 τὸν
410 3605 477 3698 μὲν
492 3606 553 3702 ,ἀφ’
569 3608 715 3704 ὑψηλῶν
730 3607 868 3706 βραχὺν
886 3605 1005 3703 ᾤκισε,

345 3722 402 3794 τὸν
419 3724 452 3794 δ’
469 3723 585 3796 ἁτίταν
603 3723 792 3817 εὐδαίμονα
810 3727 935 3820 τείχει.

186 3841 258 3913 Duo
284 3841 405 3916 chorus
433 3856 682 3918 commemorat:
715 3843 853 3940 primum
880 3843 1023 3941 quidem,
1054 3843 1133 3914 nihil
1161 3844 1309 3915 accidere

186 3957 307 4030 homini
331 3958 402 4032 sine
421 3959 527 4030 divino
547 3959 695 4050 consilio,
720 3985 826 4058 neque
845 3960 1031 4034 felicitatem
1051 3987 1157 4057 neque
1175 3987 1230 4033 res
1248 3962 1308 4032 ad·

186 4099 315 4158 versas:
339 4076 456 4150 deinde
481 4078 617 4150 mobiles
641 4092 673 4151 et
695 4079 798 4151 lluxas
823 4105 899 4151 esse
923 4105 977 4152 res
1001 4081 1173 4150 humanas:
1198 4079 1305 4175 quiin

184 4194 387 4292 amplissimo
406 4197 489 4268 enim
509 4196 674 4294 dignitatis
693 4221 733 4268 eo
751 4199 916 4294 potentiae
934 4197 1037 4293 gradu
1057 4195 1208 4268 collocati
1231 4195 1306 4284 sint,

186 4312 280 4384 deiici
308 4338 367 4384 eos
393 4339 433 4385 ac
460 4314 616 4412 demergi,
642 4326 756 4388 contra
784 4315 921 4386 humiles
949 4315 1031 4412 erigi
1057 4329 1156 4412 atque
1183 4314 1303 4386 extolli.
