2914 4820
1238 319 1285 394 5³

167 501 169 512 Ι
244 535 356 610 Habes
379 534 526 610 analecta
551 536 719 610 maximam
744 551 869 636 partem
887 537 1089 638 Sophoclea:
1112 539 1286 638 adiungam
1359 631 1363 640 .

173 656 330 752 deinceps

565 755 893 899 Euripides.
1002 863 1005 870 ,

35 1099 40 1106 ,
172 1011 393 1111 Pcipnestcre
407 1013 538 1086 effossis
552 1012 767 1086 oculisdcmu
785 1015 975 1113 egrediente
992 1017 1124 1090 Hecuba
1142 1018 1225 1092 baec
1242 1019 1287 1091 eit

248 1131 337 1206 Hae.
356 1132 467 1205 1054:
485 1130 554 1204 ἀλλ’
570 1130 731 1204 ἐκποδὼν
747 1131 866 1227 ἄπειμι
882 1133 1146 1230 καταστήσομαι
1197 1208 1199 1213 ,

485 1254 607 1345 θυμῷ
619 1250 767 1345 ῥέοντι
785 1251 891 1348 Oppia?
907 1239 1184 1367 δοσμαχωτάτῳ,

171 1371 205 1444 in
223 1369 340 1468 quibus
359 1369 457 1442 verba
473 1373 598 1464 θυμῷ
617 1365 760 1464 ῥέοντι
776 1370 937 1468 Euripidis
955 1370 1184 1470 interpretibus
1203 1372 1287 1446 diffi-

166 1486 494 1587 ccltates'pareruut.
533 1487 580 1570 Αο
595 1485 786 1574 defendier
800 1489 904 1586 posse
923 1488 995 1562 Ιοοο
1014 1489 1067 1562 iiio
1093 1489 1286 1565 Demosthe·

172 1607 246 1680 uice
262 1608 324 1699 (de
335 1631 402 1680 cor.
419 1633 456 1705 p.·
469 1607 555 1690 2724
568 1607 648 1696 20)=
664 1605 917 1701 θρασυνομένῳ
936 1605 994 1678 καὶ
1011 1607 1151 1704 πολλῷ
1164 1607 1286 1702 ῥέον·

171 1749 206 1797 τι
222 1725 300 1797 καθ’
314 1727 423 1818 ὑμῶν,
436 1739 526 1798 recte
539 1725 780 1800 Hermannus
800 1727 938 1823 negavit,
956 1727 1010 1826 qui
1030 1727 1061 1799 id
1080 1729 1168 1828 quod
1187 1726 1286 1826 pleri·

106 1853 108 1860 '
169 1869 236 1942 que
249 1844 397 1926 *iecemut
415 1844 608 1918 deteriorem
625 1843 991 1942 recepit‘uonuullarurn
1004 1845 1160 1932 ¹codicum
1179 1847 1286 1945 serip-

171 1975 289 2036 turaru:
305 1966 412 2058 θυμῷ
429 1961 573 2044 ζέοντι.
605 1962 717 2062 Neque
731 1987 808 2036 vero
823 1963 990 2037 meliorum
1004 1965 1158 2037 librorum
1172 1978 1286 2037 aueto-

173 2083 252 2155 ritas
269 2082 473 2181 neglegenda
490 2095 551 2171 est,
568 2107 619 2172 ac,
637 2082 665 2153 si
683 2107 747 2180 qua
762 2107 850 2180 epus
867 2095 918 2156 ast
936 2083 1172 2174 emendatione,
1190 2085 1232 2156 ad
1251 2084 1287 2156 ii·

177 2199 228 2272 los
246 2227 283 2273 ea
302 2201 587 2275 accommodanda.
617 2200 704 2272 ldern
722 2193 868 2274 statuens
882 2200 1073 2274 Nauckius
1088 2217 1192 2300 nuper
1204 2203 1286 2274 Eur.
1311 2291 1314 2299 A

177 2321 268 2391 Sutd.
284 2319 304 2390 Ι.
320 2344 352 2417 p.
366 2320 416 2394 59
432 2345 481 2417 sq.
500 2316 640 2413 πολλῷ
649 2317 792 2412 ῥέοντι
809 2318 916 2416 Oppia?
928 2321 1191 2416 ὃοομαχωτάτῳ
1207 2346 1287 2394 con·

174 2437 247 2510 iecit
268 2438 429 2537 docteque
452 2437 496 2510 uti
522 2437 608 2510 solet
632 2438 674 2511 de
697 2442 859 2536 potestate
876 2439 971 2512 huius
990 2440 1078 2512 verbi
1102 2417 1286 2538 disputuirit.

174 2555 297 2630 Vereor
319 2570 427 2630 tamen
450 2558 522 2630 eius
544 2557 705 2630 accedere
728 2559 918 2648 sententiae,
936 2557 1098 2657 {queniam
1122 2584 1187 2631 nun
1206 2559 1290 2631 veri·

173 2675 279 2749 simile
292 2676 417 2749 videtur
434 2673 657 2770 esse-acide
674 2675 877 2751 iibrariurum
891 2676 967 2748 vitio
984 2677 1194 2774 depravatum
1212 2701 1290 2748 esse

174 2794 206 2866 in
223 2793 339 2889 θυμῷ.
371 2793 575 2868 Probabiiius
599 2807 688 2866 certe
711 2795 841 2885 diserta,
865 2819 928 2866 non
956 2794 1016 2867 θΥ
1014 2793 1106 2866 MOI
1110 2792 1166 2866 Ρέ
1174 2793 1239 2866 ON
1244 2792 1272 2867 T
1274 2791 1294 2865 Ι

174 2914 350 3012 scripsisse
367 2927 496 3012 poetam
516 2912 576 2986 sed
597 2911 812 2989 aliterue
819 2911 966 3003 Porri,
994 2914 1025 2986 h.
1042 2939 1090 2988 e:

351 3030 469 3126 οἵμου
491 3037 671 3125 περῶντι
698 3030 805 3129 Oppia?
824 3033 1102 3130 δοσμαχιοτάτῳ,

178 3152 219 3224 ci.
243 3150 326 3224 Xeu.
345 3151 481 3245 'Conviva
504 3152 561 3242 14,
582 3152 644 3224 31:
664 3152 777 3222 ucat
804 3149 1036 3232 ἐξίστανται
1061 3153 1097 3224 οἶ
1119 3149 1283 3224 πλούσιοι.

65 3320 72 3348 t
176 3269 289 3368 Neque
311 3271 468 3343 audacius
492 3283 643 3344 mutatam
667 3269 760 3342 dices
777 3269 930 3342 librorum
949 3271 1153 3369 scripturam,
1172 3270 1200 3342 si
1219 3267 1292 3368 qui·
1393 3261 1395 3265 ⁸

177 3388 250 3462 dem
264 3385 452 3462 uerum!
463 3388 614 3461 facillime
628 3389 659 3460 in
675 3387 834 3484 Pecus!
846 3389 1034 3462 commutari
1053 3401 1194 3487 poterat:
1213 3412 1293 3460 coa·
1376 3419 1381 3430 ¹
1455 3477 1456 3486 ἵ

176 3507 281 3582 simile
298 3523 405 3584 actem
422 3508 531 3580 vitium
548 3507 801 3605 deprehenditur
818 3504 921 3607 Soph.
942 3507 1023 3580 Oed.
1040 3506 1107 3602 Coi.
1130 3505 1214 3596 351,
1238 3505 1292 3578 ubi

176 3650 236 3724 pro
254 3625 314 3698 ΔΘ
323 3627 353 3698 Υ
355 3624 448 3698 Tel>
462 3627 493 3698 iu
508 3624 602 3698 Laur.
619 3639 724 3702 exstat
740 3625 797 3698 Δέ
805 3624 870 3699 ΥΡ.
904 3623 971 3700 Sed
986 3649 1068 3698 uuus
1082 3625 1204 3698 residet
1217 3623 1294 3697 mihi

144 3795 148 3799 -
176 3743 365 3843 scrupulus:
388 3745 518 3818 dubium
543 3757 595 3817 est
616 3745 712 3836 euim,
736 3769 812 3816 num
835 3741 934 3838 οἵμου
957 3743 1180 3840 ἀφίστασθαι
1197 3743 1295 3816 liceat

176 3863 287 3937 dicere
303 3864 427 3962 pariter
444 3878 541 3963 atque
556 3861 660 3957 οξοοο
682 3862 903 3946 ἐξίστασθαι.
946 3865 1051 3964 Atque
1069 3865 1101 3937 in
1119 3865 1182 3936 hac
1199 3862 1296 3934 dubi·

177 3983 298 4056 tatione
317 3981 546 4082 maicingredi
565 3983 649 4056 viam
667 3983 827 4068 tutiorem,
869 3985 935 4057 Fac
958 3985 1042 4057 euim
1064 3979 1172 4078 θυμῷ
1188 3992 1295 4054 ortum

176 4127 254 4176 esse
268 4125 307 4176 ex
320 4102 428 4195 dupd
435 4127 468 4192 ν,
484 4101 600 4198 ῥέοντι
617 4115 725 4176 autern
744 4127 783 4176 ex
800 4101 981 4192 πνέοντι,
998 4103 1085 4202 quod
1099 4102 1209 4174 vitium
1223 4099 1296 4173 aliis

73 4257 78 4266 ·
176 4245 309 4319 quoque
333 4220 416 4294 lacis
438 4222 646 4295 commissum
670 4236 732 4314 est,
755 4221 842 4299 velut
858 4221 960 4322 Soph.
982 4223 1054 4295 Ant.
1073 4221 1170 4294 1238
1189 4218 1239 4293 vei
1261 4218 1294 4290 in

178 4340 301 4439 optimo
326 4338 407 4410 libro
432 4339 524 4412 Laur.
549 4367 610 4439 pro
630 4342 764 4436 πνοήν
787 4342 942 4441 scriptum
965 4353 1017 4414 est
1036 4341 1161 4436 ῥοήνε
1189 4337 1295 4411 omnic
1339 4321 1342 4330 ¹
