2914 4820
174 297 196 366 4

172 513 288 584 caen
310 512 371 584 um
395 514 494 586 nno
513 494 613 587 veruo
636 516 788 589 tribuere.
825 517 924 588 immo
947 516 1298 614 noeoenpusuun:
1448 507 1449 516 ‘

172 633 314 720 tascilo,
337 636 416 704 λαισ
431 635 459 704 si
477 651 652 728 expetas,
675 632 852 728 sequaris
875 637 1098 728 (erstrebtt),
1122 653 1299 728 expetere

173 765 201 820 te
225 774 328 820 mecm
351 753 540 842 perniciem
572 752 612 821 cl.
637 751 712 824 Eur.
737 751 807 823 Alc.
834 733 922 824 203:
948 750 1009 823 καὶ
1029 751 1082 846 μὴ
1104 754 1298 843 προδοῦναι

171 865 373 954 λίσσεται,
398 867 583 962 τάμήχανα
607 869 750 965 ζητῶν.
776 870 884 942 Orest.
903 870 993 942 679:
1016 866 1141 965 εζοηκα
1163 869 1299 963 κάπη-

172 1008 276 1081 τηκα
303 985 364 1080 τὴν
390 985 578 1080 σωτηρίαν,
607 990 754 1082 θηρῶν
780 984 800 1056 ὃ
826 988 956 1067 πάντες
978 985 1064 1058 καύκ
1091 985 1164 1079 ἐγὼ
1191 986 1297 1082 ζητῶ

168 1102 286 1193 μόνας.
312 1101 359 1172 ΕΙ.
378 1103 496 1175 1075:
510 1104 552 1200 ἤν
571 1099 666 1199 τιμὴ
687 1091 787 1200 ζητῇ
804 1103 922 1176 κακάν.
1446 1139 1449 1336 η

249 1337 289 1429 ln
303 1337 492 1408 iniuriarum
515 1363 598 1435 quas
622 1340 805 1418 abhtridis
828 1352 862 1412 et
879 1338 971 1410 Ulixe
993 1337 1161 1436 acceperit
1183 1363 1298 1414 narra,-

173 1454 260 1526 tione
284 1479 357 1528 cum
382 1457 692 1544 commemoraverit,
712 1482 808 1553 quam
832 1455 1007 1528 crudeliter
1026 1455 1099 1552 ipse
1122 1455 1156 1526 in
1181 1454 1296 1526 deser·
1445 1401 1449 1652 1

103 1621 105 1626 -
172 1584 236 1643 tam
255 1570 394 1643 insulam
412 1573 537 1644 eiectus
555 1575 661 1664 luerit,
679 1574 878 1646 Philoctetes
896 1573 994 1646 animi
1014 1573 1157 1669 quodam
1174 1571 1294 1644 affectu

171 1687 419 1784 Neoptolemum
438 1689 583 1787 appellat

249 1806 466 1878 Philtra:
737 1883 739 1890 χ

300 1931 305 1938 “
328 1921 377 1994 σὺ
395 1925 461 2018 δή,
480 1923 609 2012 τέκνον,
628 1923 731 1997 τοίαν
744 1925 785 2017 μ’
801 1925 987 1998 ἀνάστασιν
1005 1927 1129 2013 ἀακεΐς,
1165 1981 1170 1986 .

330 2038 447 2112 αὐτῶν
461 2041 646 2140 βεβώτινν,
665 2041 709 2125 ἐξ
722 2041 831 2114 ὕπνον
848 2049 971 2138 στῆναι
988 2043 1087 2128 τότε,·

172 2158 204 2230 in
223 2159 341 2256 quibus
361 2159 424 2232 hoc
442 2160 526 2232 male
543 2160 652 2232 olfecit
669 2160 855 2234 Meinehii
880 2160 986 2250 (Anol.
1003 2187 1035 2257 p.
1053 2159 1157 2248 313.)
1179 2157 1295 2230 iudici·

172 2301 237 2366 um,
254 2277 342 2373 quod
365 2275 413 2347 σι)
437 2278 488 2372 ιλή
512 2277 544 2346 in
568 2277 658 2348 initio
680 2278 836 2350 enuntiati
859 2278 999 2374 positum
1025 2289 1128 2348 esset:
1144 2299 1186 2347 ac
1203 2289 1294 2373 putat

172 2392 239 2486 ille,
258 2395 301 2466 ita
320 2394 575 2466 subveniendum
595 2419 671 2466 esse
689 2395 742 2466 isti
760 2395 977 2485 incommodo,
995 2407 1029 2464 ut
1046 2393 1222 2464 scribatur:
1330 2476 1336 2481 .

294 2510 407 2598 ποίαν,
426 2509 474 2582 σὺ
492 2511 561 2606 δή,
580 2509 698 2582 τέκνον
711 2511 752 2603 μ’
769 2511 953 2582 ἀνάστασιν
971 2512 1095 2597 δοκεῖς,
1156 2573 1158 2576 ,

224 2643 279 2702 aut
295 2628 415 2726 τοίαν,Ι
427 2627 557 2717 τέκνον,
575 2627 623 2700 σὺ
641 2630 692 2724 (λη
707 2629 748 2721 μ’
764 2628 949 2700 ἀνάστασιν
965 2629 1090 2714 δοκεῖς,
1107 2627 1177 2698 κτλ.

172 2748 214 2820 At
238 2743 271 2820 ut
296 2772 359 2819 non
384 2747 490 2819 dicam
513 2747 556 2818 de
579 2747 716 2818 audacia
740 2746 937 2835 mutationis9
955 2744 1158 2842 postpositae
1181 2742 1223 2815 σὺ
1246 2746 1292 2840 δή

172 2867 309 2938 voculae
332 2865 446 2936 mirum
471 2876 626 2962 quantum
651 2863 813 2961 languent.
858 2862 957 2934 Multo
985 2861 1185 2959 probabilior
1204 2875 1292 2936 certe

173 2986 256 3056 loret
274 2982 375 3054 levior
393 2982 476 3054 haec
494 2982 665 3054 verborum
682 2982 831 3053 mutatio:

293 3099 341 3171 σι)
359 3095 453 3188 ιλζῶ
472 3099 602 3188 τέκνον,
620 3098 722 3170 notar
735 3099 776 3190 μ’
793 3098 979 3170 ἀνάστασιν
995 3099 1119 3187 ἀακεῖς,
1137 3099 1207 3169 κτλ.

172 3219 207 3290 Η
220 3220 303 3292 enim
323 3232 355 3308 et
374 3219 403 3290 c
420 3218 604 3290 sexcenties
623 3217 790 3314 permixta.
831 3215 900 3288 Nec
917 3229 1116 3313 repugnaret
1134 3215 1198 3312 ipsi
1216 3239 1293 3286 sen·

142 3371 145 3378 ¹
173 3336 293 3409 tentiae
311 3336 426 3408 rationi
446 3337 528 3408 haee
546 3334 732 3432 appellandi
749 3335 863 3423 forma,
885 3359 951 3430 qua
972 3333 1050 3404 nihil
1072 3345 1123 3404 est
1140 3333 1293 3429 frequen·
1336 3431 1343 3445 ·

172 3455 246 3543 tius,
270 3466 305 3524 ut
326 3453 399 3523 Eur.
422 3452 490 3549 lph.
511 3451 582 3523 hut.
606 3453 690 3524 613.
716 3450 785 3523 Alo.
807 3451 891 3522 312.
917 3451 1040 3523 Phoen.
1058 3451 1142 3521 337.
1163 3451 1204 3521 cl.
1220 3449 1289 3520 Alo.

174 3572 282 3644 1061.
308 3569 633 3642 het.1028.1436.
658 3570 705 3640 El.
728 3570 813 3643 598.
838 3568 923 3642 Med.
945 3569 1029 3640 990.
1056 3569 1174 3640 Aesch.
1196 3569 1289 3640 Pers,

171 3689 258 3760 832.
277 3687 405 3785 Fragm.
421 3689 536 3784 adesp.
553 3690 576 3759 7
592 3700 626 3760 et
643 3688 728 3760 463.
748 3686 854 3785 Atque
872 3687 956 3780 idem
976 3686 1183 3758 scribendum
1201 3684 1291 3757 vide-

171 3819 223 3878 tur
239 3806 323 3877 Eur.
345 3805 455 3876 llere.
477 3807 547 3876 lur.
568 3805 661 3877 626:
683 3802 727 3875 orl
745 3804 825 3875 ctu
847 3805 946 3897 χύναι
965 3825 1026 3894 μοι
1043 3802 1207 3894 σύλλογον
1224 3801 1291 3898 ᾠν-

166 3930 240 4019 χῆς
253 3921 343 4020 λαβέ
359 3922 428 3992 κτλ.
446 3947 506 4018 pro
524 3921 567 3992 σύ
585 3920 615 3992 τ’
631 3921 662 3992 ὦ
680 3921 789 4013 γύναι.
828 3921 933 3994 Nihilo
952 3921 1057 3992 minus
1075 3921 1107 3990 in
1128 3918 1291 3990 Philocte·

52 4083 58 4095 ·
119 4041 121 4048 '
165 4048 224 4112 ‘tae
242 4040 372 4137 quidem
391 4040 538 4112 oratione
556 4038 643 4110 omni
662 4039 748 4110 malo
767 4039 931 4112 abstinere
950 4038 1136 4127 mutatione,
1150 4061 1223 4108 cum
1242 4033 1289 4106 σὺ

170 4159 220 4253 δή
235 4183 295 4254 per
309 4183 347 4229 se
361 4155 438 4228 nihil
453 4158 572 4228 habeat
585 4157 696 4253 inepti,
710 4181 773 4230 nec
786 4157 893 4228 desint
906 4155 1052 4228 eiusdem
1066 4153 1290 4226 collocationis

170 4273 335 4371 exempla3
353 4276 393 4346 cl.
