2900 4834
148 290 244 362 ’80

346 507 431 608 Ziph
450 487 570 605 πάθῃς
584 508 638 598 σθ,
662 507 789 601 δεῦρό
806 533 879 580 σου
897 507 1039 606 στέᾠω
1057 507 1151 600 κάρα
1180 555 1183 567 ι

194 749 278 820 Num
301 745 379 818 illud
405 747 607 845 Theopompi
632 749 772 820 eumlr.
795 750 829 837 2,
848 748 921 820 804
945 747 1021 836 (32,
1044 729 1243 836 4);’θεῦραΙ
1262 744 1310 840 oli]

100 860 102 868 ’
195 865 323 960 γεμίσω
347 865 380 937 σ’
402 864 486 960 ἐγώ,
506 865 593 962 quod
616 868 776 938 communi
798 865 959 938 sermonis
983 863 1207 938 consuetudini
1230 889 1312 935 con·

196 997 384 1056 sentaneum
402 1009 478 1056 esse
497 983 631 1076 videtur,
653 985 804 1058 idoneum
828 985 869 1056 sit
892 983 1072 1081 exemplum
1094 983 1310 1055 adtuendam

124 1111 126 1127 '
196 1102 350 1204 librorum
371 1103 564 1200 scripturam
590 1104 663 1176 locu
687 1105 749 1178 hoc
767 1103 951 1200 Euripiden,
974 1127 1053 1174 sane
1071 1103 1226 1175 incertum
1247 1115 1308 1174 cst.

196 1221 263 1294 Nec
277 1219 381 1294 simile
395 1235 445 1294 est
460 1220 535 1292 illud
550 1221 748 1320 Theognidis
766 1224 877 1294 1041:
895 1223 1023 1313 θεῢρα
1040 1219 1102 1293 σθν
1119 1220 1308 1318 αὐλητῆρι·

197 1341 296 1433 παρὰ
313 1339 460 1412 κλαίοντι
477 1341 647 1433 γελῶντες
668 1340 847 1432 πίνωμεν
864 1339 932 1411 κτλ.
974 1341 1068 1412 Certe
1086 1340 1173 1438 apud
1192 1352 1308 1438 poetas

197 1459 340 1557 tragicos
366 1457 485 1530 nullum
512 1471 616 1530 exstet
642 1457 822 1556 exemplum
848 1457 1031 1532 consimile:
1077 1458 1139 1530 Aut
1170 1457 1309 1530 solum

196 1579 280 1651 enim
294 1579 403 1669 δεῦρο
417 1578 555 1676 ponitur,
573 1590 607 1651 ut
621 1577 746 1649 Heracl.
763 1580 827 1650 48:
845 1577 875 1648 ὦ
894 1576 1007 1665 τέκνα,
1027 1575 1141 1665 τέκνα,
1158 1578 1309 1669 δεῦρο,

195 1695 407 1794 λαμβάνεσθ
424 1695 518 1788 ἐμῶν
535 1696 687 1786 πέπλων,
706 1709 829 1768 etcum
848 1695 1002 1769 brevitate
1021 1696 1161 1794 quadam
1177 1695 1311 1768 dicendi

197 1816 264 1914 lph.
275 1814 346 1886 Aul.
359 1816 447 1887 630:
465 1813 523 1885 καὶ
539 1816 666 1907 θεῦρα
683 1816 728 1912 σθ
747 1814 884 1907 πατέρα
902 1816 1105 1907 πρόσειπε
1121 1813 1183 1885 σὸν
1200 1814 1305 1909 φίλων,

196 1948 252 2006 aut
269 1934 401 2006 additur.
414 1933 443 2006 ei
458 1934 588 2030 verbum
608 1934 738 2023 eundi,
758 1947 791 2006 ut
809 1935 873 2006 lon.
893 1935 1006 2008 15212-
1018 1932 1131 2026 δεῦρ’
1148 1929 1247 2004 ἔλθ’·
1266 1931 1309 2013 ἐς

195 2051 261 2135 οὖς
276 2076 330 2124 σοι
347 2051 431 2134 τοὺς
443 2052 568 2147 λόγους
582 2052 687 2124 εἰπεῖν
704 2051 809 2124 θέλω.
830 2052 955 2150 Fragm.
966 2053 1079 2148 adesp.
1093 2051 1182 2130 363:
1195 2048 1299 2142 δεῦρ’

197 2171 312 2242 ἐλθέ·
327 2169 388 2242 σὺν
402 2169 457 2242 σαὶ
469 2169 573 2243 τᾶλλα
584 2170 756 2269 βούλομαι
768 2171 910 2265 φράσαι.
926 2171 999 2242 Eur.
1013 2167 1304 2260 ΑΙο..779τθεῦρ’

198 2286 297 2377 ἔλθ’,
316 2288 430 2370 ὅπως
450 2289 492 2361 ἂν
514 2289 571 2360 καὶ
594 2289 799 2384 σοφώτερος
813 2289 912 2384 γένῃ.
954 2282 1026 2376 Oua
1044 2287 1250 2360 similitudine
1268 2313 1328 2358 eo·

197 2408 310 2493 ducor,
336 2421 369 2477 ut
388 2433 448 2504 pro
465 2405 801 2504 nErPttCortvetn
825 2408 1031 2479 scribendum
1050 2433 1126 2480 csse
1145 2397 1309 2505 suspicer:

176 2523 531 2624 ,ΔΕΥΡΙθθθθτέᾠω
556 2527 635 2598 h.‘e.
661 2523 681 2595 ὃ
706 2525 758 2620 μὴ
788 2526 908 2620 πάθῃς
932 2527 985 2615 σύ,
1014 2524 1127 2617 δεῦρ’
1154 2523 1226 2613 ἴθ’,
1254 2527 1313 2605 ὡς

181 2644 317 2742 στέψω
339 2643 434 2735 hulpa
451 2641 569 2738 κισσῷ.
922 2677 923 2680 “

273 2814 406 2887 Bacch.
429 2816 511 2888 368.
554 2815 698 2888 Tir'esias
722 2842 793 2888 cum
818 2815 994 2914 periculum
1018 2823 1094 2886 esse
1117 2813 1241 2904 dixerit,
1266 2838 1306 2886 nc

198 2933 360 3006 Pentheus
379 2934 489 3005 Cadmi
507 2936 613 3006 domui
634 2933 751 3006 luctum
770 2935 884 3032 pariat,
902 2935 951 3005 sic
968 2946 1116 3031 perurat:

732 3057 879 3147 μαντικῇ
891 3051 957 3143 μὲν
975 3051 1021 3122 αθ
1040 3050 1164 3145 λέγω,

336 3174 406 3254 ταῖς
421 3173 615 3267 πράγμασιν
632 3169 691 3241 cle·
711 3175 819 3262 μῶρα
836 3169 904 3264 γὰρ
920 3177 1045 3263 μῶρος
1059 3169 1162 3263 λέγει.

197 3289 288 3374 Quae
312 3289 386 3363 licet
409 3285 523 3390 perse
547 3293 654 3390 inepta
674 3291 723 3362 vix
747 3291 916 3388 quisquam
935 3291 1040 3388 possit
1058 3303 1181 3380 notare,
1199 3301 1304 3360 tamen

198 3409 311 3480 nescio
330 3436 370 3482 an
389 3411 430 3482 ad
449 3437 516 3483 rem
536 3411 639 3508 magis
658 3411 740 3482 haec
758 3411 822 3481 sint
840 3409 1085 3481 accommodata

731 3533 879 3624 μαντικῇ
892 3527 959 3621 μὲν
977 3525 1051 3622 οὐχ
1068 3529 1153 3620 ὁρῶ

217 3713 221 3722 ,
334 3651 404 3730 ταῖς
419 3650 614 3744 πράγμασιν
631 3647 687 3719 δέ·
702 3654 810 3741 μῶρα
827 3648 896 3741 γὰρ
910 3653 1036 3739 μῶρος
1049 3645 1152 3739 λέγει.

199 3765 375 3837 ornem
399 3780 504 3840 autem
530 3781 561 3841 et
591 3765 767 3839 OYXOPQ
790 3780 864 3840 sunt
889 3767 932 3838 ita
959 3765 1084 3854 similia,
1108 3778 1140 3836 ut
1157 3762 1306 3836 facillime

197 3885 479 3982 permiscerentur.
516 3888 563 3958 [le
582 3887 652 3984 ipsa
673 3886 834 3959 locutione
852 3863 1005 3982 cl'Hipp.
1021 3884 1110 3956 873:
1133 3881 1224 3975 πρὸς
1239 3880 1306 3977 γάρ

196 4025 287 4084 τινας
301 4002 423 4075 οἰωνὸν
439 4005 547 4075 ὥστε
560 4005 705 4097 μάντις
721 4003 836 4096 εἰσαρ
845 4009 885 4074 ch.

271 4192 406 4263 Bacch.
422 4194 511 4265 824:
533 4189 574 4263 εὖ
592 4190 620 4285 γ’
636 4188 739 4273 εἶπας
753 4189 837 4262 αὐτὸ
855 4188 919 4262 καί
930 4213 980 4270 τις
995 4185 1030 4260 εἷ
1042 4190 1170 4260 πάλαι
1188 4189 1303 4284 σοφός.

14 4323 61 4408 γ’
196 4309 330 4380 Penthei
357 4311 438 4382 haec
465 4325 550 4397 sunt,
578 4335 639 4381 non
667 4310 806 4382 obscura
834 4307 887 4380 illa
914 4308 1054 4404 quidem.
1086 4309 1144 4380 sed
1173 4322 1205 4379 ut
1231 4308 1305 4388 mihi
1435 4349 1436 4356 .
