2914 4820
1210 327 1252 398 3t

137 547 342 622 scholiastae
361 548 508 622 obsecuti
529 575 601 621 eum
620 548 793 642 ἐναίμειαι
811 549 931 622 malunt
949 547 1112 645 copulare.
1162 549 1258 620 Reiu-

137 671 278 740 tandum
293 694 369 741 vero
384 682 435 740 est
453 669 540 765 quod
558 670 792 742 emendationis
811 669 883 740 ioco
898 669 945 740 vir
959 669 1074 740 doetus
1092 668 1164 765 ipse
1181 691 1259 764 pro·

146 789 277 884 posuit:
297 787 394 869 πόλις
409 785 478 878 ἐμὰ
497 787 694 866 ἀσθενεῖ.
721 787 866 860 insolens
885 801 936 860 est
953 787 1037 858 enim
1056 787 1222 883 syn-izesis.
1234 784 1258 848 ')

143 906 298 978 Fortasse
315 932 377 1004 pru
397 905 584 980 COENEI
598 909 802 979 scribendum
821 921 872 979 est
892 905 1065 978 uultu!
1079 906 1109 977 h.
1126 931 1154 978 e.

326 1024 418 1105 πόλις
437 1023 621 1117 ἐναίμεται,
645 1027 742 1106 πόλις
757 1025 825 1117 ἐμὰ
844 1023 995 1120 φθίνει,
1014 1026 1081 1096 κτλ.

144 1143 237 1214 Haeo
255 1143 355 1214 verba
372 1144 453 1214 enim
471 1158 546 1241 apte
565 1145 807 1233 consociantem
832 1145 871 1216 ei.
888 1143 969 1217 Oed.
986 1144 1021 1216 R.
1040 1144 1105 1217 25:
1129 1143 1261 1226 πόλις

148 1261 220 1353 κὰμ
236 1301 282 1314 -
297 1259 385 1354 ἄγαν
398 1262 466 1358 peip
479 1263 619 1333 σαλεύει
633 1293 676 1316 -·-
693 1262 896 1358 φθίνουσα
906 1262 973 1354 μὲν
985 1263 1121 1344 κόλαξιν
1135 1261 1258 1356 ἐγκάμ-

151 1401 233 1460 ποις
247 1380 380 1475 χθονός
400 1381 468 1451 κτλ.
502 1381 575 1452 Eur.
592 1379 666 1452 Tro.
684 1381 797 1454 1299:
822 1379 900 1473 θαμλ
923 1380 1171 1475 καταφθίνει
1196 1380 1259 1475 γᾶ.
1289 1410 1292 1421 ’
1384 1471 1385 1474 ¹

147 1497 271 1570 Similis
286 1513 391 1571 autem
407 1500 489 1574 haee
503 1513 594 1590 supt:
612 1501 685 1571 Eur.
702 1500 829 1573 Heraei.
848 1501 910 1571 rt:
926 1499 1043 1579 πόλις
1058 1498 1134 1590 μὲν
1151 1498 1258 1595 οἴχε-

147 1641 221 1689 ται.
252 1617 322 1716 lph.
338 1617 542 1692 Taur.·519:
567 1619 669 1714 φασίν
694 1643 759 1690 νιν
780 1617 895 1690 οὐκέτ’
917 1615 1027 1689 οὖσαν
1049 1613 1258 1712 οἴχεσθαι

149 1736 257 1829 θορί
287 1736 402 1835 Suppi.
420 1739 509 1808 712:
527 1734 704 1832 οἴχεται
721 1738 763 1808 τό.
781 1737 971 1818 Παλλάδος.
999 1736 1073 1818 Tro.
1089 1735 1179 1809 596:
1198 1737 1258 1810 02-
1311 1768 1313 1772 ·

145 1854 350 1949 χυμένας
374 1855 556 1937 πόλεως.
591 1857 681 1929 582ι
708 1855 885 1954 βέβακε
907 1854 1020 1949 Τροία.
1052 1855 1101 1926 Ae
1119 1857 1258 1929 conferri

152 1972 262 2047 liceret
279 1976 375 2046 etiam
392 1973 577 2073 sopitur,
597 1977 782 2074 1413·sq.:

352 2094 382 2165 ὦ
401 2093 546 2180 πόλις,
565 2093 596 2163 ὦ
614 2094 718 2187 γενεὰ
735 2095 888 2182 τάλαινα,
909 2098 965 2168 νῦν
983 2119 1025 2165 σε

346 2214 453 2306 μοῖρα
476 2210 676 2304 καθαμερία
698 2212 849 2307 φθίνει
870 2212 1042 2308 φθίνει,

153 2330 181 2401 si
201 2356 277 2402 sene
297 2331 374 2404 haec
392 2347 512 2422 essent,
530 2333 561 2404 id
579 2335 666 2430 quod
686 2360 748 2404 nun
769 2347 836 2421 est3
858 2333 970 2429 φθίνει
988 2336 1162 2408 enimcum
1181 2337 1257 2408 nihii
1333 2336 1335 2347 ’

150 2449 310 2546 significet
323 2452 384 2522 nisi
401 2452 517 2548 perit,
537 2477 599 2524 non
614 2452 769 2550 seriptum
784 2477 802 2524 a
818 2468 911 2548 poete
926 2455 1036 2544 fuisse,
1055 2456 1256 2527 menifestum

148 2582 209 2667 est.
254 2570 357 2668 Quam
381 2571 423 2641 ob
447 2597 514 2642 rem
539 2571 688 2666 certatim
707 2573 899 2670 interpretes
923 2574 1131 2645 emendando
1153 2573 1256 2644 lucem

147 2687 263 2759 afferre
282 2688 399 2760 afflicto
418 2687 491 2760 loeo
509 2690 709 2761 studuerunt.
747 2691 851 2786 Atque
871 2691 1108 2763 Hermannus
1126 2691 1257 2787 quidem

148 2805 303 2900 φθίνειν
327 2806 479 2902 φθίνειν
505 2808 614 2898 edidit,
639 2811 726 2906 quod
752 2810 930 2906 probarunt
953 2835 1024 2882 cum
1044 2811 1257 2884 Wundero

148 2924 469 3000 Schneidewinus
488 2942 520 3000 et
536 2953 576 3000 ex
593 2942 685 3025 perte
703 2929 832 3026 quidem
851 2929 1098 3024 Hertungius.
1143 2930 1257 3028 Neque

148 3071 213 3142 ego
231 3045 457 3142 improbarem,
476 3047 503 3118 si
523 3049 630 3140 μαζαα
645 3073 703 3118 vox
718 3074 781 3119 non
796 3049 931 3122 heberet
944 3033 1132 3122 adieetivum
1146 3052 1258 3120 καθα·

145 3162 253 3255 μεμία
270 3165 473 3261 eppositum3
495 3168 535 3239 ci.
551 3166 632 3239 Oed.
650 3167 686 3238 R.
704 3167 793 3240 3761
812 3167 854 3238 οό
872 3168 940 3261 γάρ
957 3193 1005 3240 σε
1017 3171 1152 3261 μοῖρα
1170 3168 1261 3260 πμός
1360 3243 1364 3252 ,

149 3280 181 3374 γ’
198 3279 285 3372 ἐμοῦ
307 3287 472 3354 πεσεῖν.
508 3283 588 3356 Oed.
611 3284 678 3356 Col.
698 3282 809 3359 1546:
835 3283 887 3356 ἵνα
906 3286 1027 3378 μνῆμ’
1042 3285 1142 3378 ἀνδρί
1164 3279 1258 3380 spiris

149 3401 234 3494 ιῇθε
250 3406 509 3498 κρυφθῆναι
526 3402 637 3497 χθονί.
664 3404 738 3474 Eur.
754 3404 860 3476 Orest.
879 3406 991 3479 1656:
1013 3405 1171 3478 θανεῖν
1188 3405 1258 3500 γὰρ

149 3515 248 3612 αὐτῷ
267 3522 406 3611 μαῖμα
430 3519 588 3616 Δελφικῷ
609 3521 706 3616 ξίφει.
749 3522 840 3595 Nune
867 3547 943 3596 vero
968 3549 1082 3598 vereor
1106 3523 1256 3597 assentiri

218 3831 242 3922 ’λ
269 3857 345 3922 Quod
364 3860 449 3913 simite
468 3861 599 3928 putaveris
618 3863 767 3932 exemptum
786 3862 863 3917 Oed.
877 3863 943 3917 cot
958 3864 1036 3916 1192:
1059 3859 1118 3916 ἀλλ’
1138 3860 1176 3916 ἔα
1198 3863 1258 3916 αὐ-

266 3941 335 3993 τόν·
348 3942 399 3996 εἰσί
409 3945 542 4014 χάτέραις
551 3944 629 4014 γοναί
641 3946 716 4000 κακαί
728 3947 770 3999 καὶ
783 3948 874 4012 θυμὸς
885 3947 959 4010 ὀξύς,
973 3967 1097 4018 perversa
1108 3949 1257 4003 Brunekii

266 4031 415 4082 eonieeture
434 4039 550 4083 exortum
570 4039 617 4092 est,
636 4050 713 4102 quem
732 4051 810 4087 nemo
828 4033 907 4087 bodie
925 4051 978 4087 nou
996 4037 1105 4104 respuit.
1139 4031 1167 4086 ln
1186 4036 1258 4087 eodi-

264 4114 339 4167 eibus
357 4123 443 4168 eutem
463 4114 522 4168 etr
535 4115 618 4168 αὐτόν
638 4118 743 4186 tegitur3
762 4119 832 4188 quud
851 4137 910 4172 eum
929 4121 1045 4189 ineptum
1064 4122 1106 4178 sit,
1124 4120 1168 4172 eiii
1186 4121 1257 4174 eliud

264 4201 440 4253 coniecerunt.
466 4201 594 4270 Equidem
614 4220 661 4271 pro
680 4198 798 4254 mou
812 4206 977 4272 scripserim:
995 4199 1108 4256 EATOA
1121 4206 1146 4258 h.
1160 4223 1182 4259 e.
1195 4202 1257 4256 ἀλλ’

265 4279 304 4333 ἔα
327 4282 411 4343 τόδ’,
431 4293 458 4338 ut
481 4290 626 4341 referuntur
644 4289 708 4340 haee
732 4289 764 4340 ad
790 4306 820 4341 ea
845 4306 912 4357 quae
937 4291 1054 4361 proxime
1079 4291 1252 4342 antecedunt:

266 4369 352 4418 κεῖνον
372 4367 499 4436 ἀντιδρᾶν
518 4374 613 4430 κακῶς.
