2914 4820
1252 307 1275 376 9

153 559 234 627 μος
258 533 375 631 ὄλβου.
393 532 476 604 uel.
505 533 611 604 1081:
638 529 689 612 εἷς
712 529 834 622 καιμιλν
860 497 963 624 ἦλθε,
995 527 1072 600 τότε
1098 523 1275 615 άάιιοιιμ

149 651 349 738 ἀπώλλυτο.
392 649 518 736 Quibus
542 648 628 720 addo
652 649 740 742 quod
764 647 927 745 Euripidis
951 657 1042 742 putat
1066 647 1215 736 Wopoer.
1236 642 1275 712 tr.

160 768 250 840 437:
267 766 448 859 ἄκαιρος
462 765 568 838 εὔνοι’
581 763 686 837 οὐδὲν
703 760 841 860 ἔχθρας
854 762 1026 858 ιλιαφέμει.
1047 803 1090 814 -

163 1045 168 1050 ·
234 1002 291 1073 Αἰ.
308 1003 400 1074 674:

361 1122 509 1193 δεινῶν
526 1121 557 1190 τ’
572 1119 671 1216 άημοι
690 1120 896 1212 πνευμάτων
914 1116 1067 1209 ἐκοίμιοε

362 1238 525 1310 στένοντα
543 1239 685 1310 πόντον·

124 1401 132 1407 -
159 1357 286 1444 Quibus
304 1357 428 1452 artibus
446 1357 641 1453 interpretes
660 1354 754 1428 huius
774 1355 838 1426 loci
855 1356 1048 1453 scripturum
1072 1356 1194 1428 ιλεινῶν
1216 1353 1295 1450 ἄη·-

155 1499 209 1567 μα
226 1474 433 1566 πνευμάτων
449 1459 626 1547 defendere
644 1474 836 1564 studuerint,
854 1474 897 1545 itu
916 1487 1026 1546 uotum
1044 1485 1106 1564 est,
1129 1486 1162 1545 ut
1179 1472 1282 1570 piuri-

160 1592 221 1663 bus
241 1591 282 1664 de
300 1591 340 1662 iis
359 1617 527 1689 exponere
543 1617 607 1663 nou
626 1616 710 1688 opus
728 1594 779 1663 sit.
825 1592 895 1664 Hoo
913 1616 990 1662 vero
1009 1603 1148 1681 constet,
1170 1591 1281 1662 fletum

159 1708 362 1806 tempestatis
382 1721 471 1780 reete
490 1709 619 1803 quidem
639 1709 703 1780 diui
723 1709 949 1781 conturbatum
968 1733 1058 1780 mare
1071 1708 1201 1799 sedare,
1215 1733 1282 1780 ve·

161 1825 396 1898 trementium
421 1850 498 1929 vero
524 1839 751 1924 tempestatum
776 1826 824 1898 vis
848 1851 922 1897 uum
946 1826 1033 1898 idem
1056 1839 1133 1924 upte
1156 1827 1283 1898 dicutur

95 1947 102 1954 ’
161 1945 308 2034 θάλειαι,-
331 1967 449 2040 magno
472 1969 573 2040 opere
596 1945 719 2016 dubito.
756 1944 966 2017 Desideretur
987 1945 1083 2035 euim,
1112 1945 1155 2015 uti
1180 1943 1284 2016 sensit

163 2063 234 2158 ipse
257 2059 475 2134 Lobeokius
499 2061 532 2130 iu
551 2061 613 2132 huo
632 2085 731 2132 eausa
750 2061 838 2132 notio
855 2064 1016 2134 residendi
1036 2074 1133 2155 atque
1152 2061 1284 2132 deside·

166 2191 252 2248 ratur
273 2179 338 2250 hoe
360 2177 564 2276 potissimum
589 2176 674 2267 loeo,
694 2201 767 2248 oum
785 2178 981 2250 antecedant
998 2179 1097 2251 verbu
1115 2175 1251 2268 εἴκειν(
1273 2231 1281 2250 .

168 2295 265 2386 667),
290 2295 458 2390 ἐκχωρεῖν
485 2301 531 2386 (ν.
553 2297 656 2386 671),
679 2293 879 2376 ἐξίστασθαι
903 2301 947 2386 (v.
970 2297 1083 2386 672).
1112 2298 1217 2383 Quam
1240 2295 1284 2368 ob

164 2439 231 2486 rem
247 2439 288 2486 ue
301 2412 518 2510 Musgruvii
533 2415 663 2508 quidem
677 2414 879 2486 coniectura:
895 2413 1017 2486 λείων
1029 2415 1060 2485 τ’
1071 2413 1170 2510 άημα
1183 2437 1284 2486 πνευ-

93 2517 100 2523 ”
161 2529 295 2622 μάτων,
327 2553 411 2626 quae
438 2531 646 2604 vehementer
672 2533 781 2604 arrisit
806 2533 1031 2621 Diodoruo,
1061 2533 1137 2604 mihi
1165 2532 1285 2630 placet,

164 2674 361 2744 quemquem
385 2676 448 2721 nou
476 2651 684 2724 mediocriter
706 2651 893 2747 Vergiliano
919 2650 974 2722 iliu
1001 2650 1097 2740 (Aen.
1116 2651 1155 2738 V,
1174 2650 1285 2738 763J:

162 2771 317 2860 placidi
337 2784 519 2840 straverunt
542 2793 686 2862 aequora
706 2773 792 2840 υιυιιΙ
813 2768 1033 2840 commendari
1049 2768 1184 2841 videtur.
1221 2768 1286 2838 Αυ-

166 2887 253 2957 cedit
269 2887 380 2983 opt-imi
400 2884 526 2957 codicis
543 2885 599 2957 La.
619 2900 652 2958 et
670 2888 791 2958 Suictm
808 2911 837 2958 v.
857 2883 957 2982 ἄημοι
973 2885 1204 2975 testimouium,
1230 2885 1285 2978 qui

165 3004 288 3100 puriter
304 3027 345 3074 οο
358 3002 447 3101 Lips.
463 3004 528 3074 λιιι
548 3028 596 3100 pr.
613 3004 792 3076 m.·hebent
809 3005 952 3092 ustrou,
969 3005 1055 3076 uude
1072 3005 1100 3075 si
1120 3029 1184 3076 uon
1201 3003 1286 3074 mul-

167 3133 233 3192 tum
257 3134 291 3192 at
312 3120 433 3214 aliquid
460 3133 567 3193 tamen
592 3123 801 3204 dubitationis
827 3124 917 3195 uesci
943 3135 1198 3195 cousentaneum
1224 3133 1286 3210 est,

167 3263 252 3334 quoe
269 3241 458 3310 scholiastae
475 3253 508 3312 et
521 3242 652 3312 Stoboei
665 3240 788 3330 (Floril.
805 3243 865 3331 44,
879 3244 919 3330 7)
932 3241 1124 3312 auctoritate
1142 3264 1206 3311 nou
1224 3238 1287 3309 tol-

167 3357 242 3428 litur
264 3356 404 3454 penitus.
449 3357 533 3428 Nihil
557 3357 642 3430 enim
666 3357 749 3430 haee
772 3358 870 3432 efficit
892 3359 953 3430 uisi
976 3359 1083 3430 vitium
1109 3356 1186 3428 iilud
1209 3381 1287 3429 esso

167 3487 327 3546 vetustate
345 3473 440 3568 quasi
457 3474 689 3548 confirmatum.
717 3477 790 3562 Quo
804 3476 935 3570 quidem
949 3477 1025 3548 vitio
1038 3477 1142 3566 oratio
1156 3474 1288 3572 Sopho·

169 3591 239 3666 cieo
268 3617 334 3662 nou
359 3591 513 3664 liberatur
542 3593 748 3665 Meiuekii
776 3593 884 3685 (Auel.
908 3621 941 3692 p.
966 3597 1056 3683 281)
1082 3595 1288 3666 euuieoture:

168 3708 266 3780 δίων
284 3710 314 3779 τ’
329 3706 662 3805 άημαυτνευμάτων,
685 3712 807 3809 quippo
824 3736 888 3806 qua
906 3713 1073 3808 frangatur
1090 3712 1138 3783 vis
1156 3723 1289 3784 senteu-

171 3827 247 3917 tiee‚
259 3826 420 3898 adieetivo
433 3828 587 3925 apposito
601 3853 705 3926 prope
719 3829 818 3901 insui.
839 3829 975 3902 Videtur
986 3830 1096 3928 potius
1108 3829 1170 3901 ΔΕ
1174 3828 1227 3900 ΙΝ
1230 3827 1296 3899 ΟΝ

170 3939 280 4016 uatum
297 3969 376 4017 esse
393 3969 432 4016 ex
446 3945 550 4018 ΔΗΓ
547 3945 612 4017 ΟΝ
612 3998 623 4035 ,
638 3947 726 4041 quod
744 3948 772 4019 si
790 3948 978 4046 scripseris,
991 3948 1069 4019 nihii
1086 3947 1148 4020 erit
1165 3948 1196 4018 iu
1214 3971 1291 4018 ora·

169 4066 257 4134 tione
275 4062 362 4156 quod
381 4063 563 4161 vituperes:
803 4071 806 4078 '

162 4164 167 4172 ⁴
384 4180 521 4276 λῆγάν
538 4181 567 4253 τ’
585 4181 685 4279 ἄημα
703 4185 908 4276 πνευμάτων
926 4183 1078 4277 ἐκοίμισε

386 4298 549 4372 στένοντα
568 4299 701 4372 πόντον.
