2900 4834
1234 332 1283 404 85

162 551 221 622 70.
238 549 315 638 79),
334 549 413 647 quid
434 549 476 620 ad
499 548 585 621 hanc
607 549 800 622 sententiam
825 549 932 622 sessio
955 548 1009 620 ille
1028 547 1199 646 pertineat,
1217 573 1281 621 non

68 669 71 672 ’
160 658 388 764 intellegitur„
408 667 480 739 Non
503 668 589 739 enim
612 668 817 769 supplicibus
840 680 974 758 tantum,
999 691 1108 740 verum
1132 668 1281 739 omnibus

135 785 292 887 ¹omnino
315 809 509 857 concessam
533 811 610 858 esse
633 785 843 883 παρρησίαν,
867 784 974 858 Iolaus
997 797 1087 858 recte
1111 785 1198 873 dicit,
1211 803 1281 883 'qua
1349 819 1353 822 ·

160 902 309 975 libertate
332 903 433 974 fretus
455 903 550 976 etiam
575 929 613 976 se
634 904 738 976 audiri
764 903 912 976 conlidit:
933 901 1074 984 κούδεὶς
1090 903 1125 994 ρ’
1146 903 1283 975 ἀπώσει

147 1018 315 1111 ,πρόσθεν
339 1018 463 1112 ὥσπερ
489 1017 620 1092 ἄλλοθι.
672 1021 852 1094 Relutenda
878 1020 976 1119 igitur
991 1020 1054 1092 illa
1082 1021 1281 1112 coniectura,

160 1161 224 1234 qua
243 1136 342 1209 multo
361 1136 561 1234 probabilior
578 1139 661 1210 haec
679 1152 745 1210 est:

318 1253 423 1326 εἰπεῖν
446 1255 599 1328 ἀκοῦσαί
616 1255 645 1326 τ’
668 1255 707 1328 ἐν
725 1255 831 1348 μέρει
852 1253 1017 1348 ceptor
1040 1255 1116 1328 est
1236 1311 1241 1320 .

158 1373 245 1447 Nec
240 1364 365 1462 vereor,
385 1397 425 1445 ne
443 1374 562 1446 nimiae
580 1373 737 1446 audaciae
754 1373 885 1444 nomine
903 1373 1135 1470 reprehendar
1164 1373 1279 1446 ΠΑΡ-

160 1489 218 1564 60
226 1489 307 1562 TIM
312 1488 365 1562 01
381 1491 465 1564 enim
490 1504 523 1564 et
550 1489 811 1564 PAPGCTAel
829 1505 904 1563 sunt
918 1515 1075 1589 perquam
1094 1489 1209 1563 similia
1229 1491 1280 1563 lit-

157 1609 247 1682 teris
289 1607 488 1682 Sententiam
502 1623 608 1682 autem
623 1611 844 1708 expressimus
858 1611 900 1681 ad
914 1633 983 1682 rem
998 1611 1134 1682 maxime
1148 1635 1280 1682 accom-

158 1713 332 1798 modatam.
370 1726 477 1799 Facile
495 1729 578 1799 enim
598 1740 745 1825 apparet,
763 1727 973 1826 praecipuam
989 1728 1049 1798 vim
1070 1727 1100 1797 in
1120 1728 1277 1800 dicendi

158 1844 307 1917 libertate
331 1842 474 1938 (εἰπεῖν
492 1844 658 1938 repserat)
683 1846 822 1943 positam
842 1870 929 1936 esse,
953 1845 1074 1942 pariter
1091 1858 1189 1941 atque
1207 1846 1277 1942 lpb.

156 1961 255 2034 Taur.
272 1961 360 2034 964:
379 1961 519 2034 εἰπὼν
536 1962 569 2033 d'
585 1961 743 2044 ἀκούσας
757 1963 789 2034 e'
801 1960 957 2054 ἀἵματος
967 1961 1104 2059 μητρὸς
1120 1963 1210 2055 πέρι.
1235 1965 1276 2035 cl.

156 2080 304 2153 Nauck.
324 2082 366 2152 ad
385 2079 488 2179 Soph.
509 2080 590 2152 Oed
611 2079 679 2152 Col.
703 2081 848 2153 190.

234 2234 331 2319 Quod
356 2259 431 2306 vero
460 2235 523 2306 hoc
549 2234 623 2307 loco
650 2259 710 2331 pro
736 2231 820 2326 ἐμαί
839 2233 957 2377 scripsi
985 2231 1052 2322 ἀεί,
1078 2233 1164 2304 idem
1183 2219 1279 2305 resti-

158 2351 309 2423 tuendum
328 2353 467 2424 fortasse
486 2343 537 2424 est

232 2467 362 2541 Medl
345 2469 458 2542 1:036
658 2561 667 2578 ι
764 2497 865 2567 σριρν
881 2470 951 2566 γὰρ
970 2468 1187 2566 ἐστερημένη

474 2587 606 2682 λυπρὸν
622 2590 731 2670 διάξω
747 2588 865 2686 βίοτον
882 2587 1037 2682 ἀλγεινόν
1055 2587 1084 2658 τδ
1102 2585 1190 2679 ἐμοί,

156 2707 211 2817 ubi
230 2733 409 2806 pronomen
429 2706 572 2804 languidi
590 2722 642 2779 sat
661 2707 759 2780 babet
776 2721 874 2804 etque
892 2705 1001 2794 ieiuni,
1025 2706 1124 2803 quod,
1152 2705 1178 2775 si
1203 2730 1278 2776 cor·

155 2827 294 2900 rexeris:
312 2824 467 2919 ἀλγεινόν
484 2825 513 2895 τ’
531 2821 615 2911 ἀεί,
635 2825 765 2922 penitus
784 2822 974 2913 sustuleris3
998 2822 1061 2893 nisi
1080 2823 1161 2893 lorte
1180 2847 1277 2919 prae·
1333 2839 1336 2846 ’

155 2945 323 3016 ferendum
336 2943 445 3015 ducis:
459 2943 613 3037 ἀλγεινόν
632 2941 661 3012 τ’
679 2940 779 3036 ἐγώ,
799 2967 872 3013 cum
886 2951 1002 3039 pergat
1015 2939 1146 3012 Medea:
1161 2939 1279 3032 ὑμεῖς

155 3061 197 3132 δὲ
210 3059 333 3158 μητέρ’
349 3059 465 3172 οὐκέτ’
479 3059 626 3153 ὄμμασιν
643 3059 755 3156 φίλοις
769 3057 907 3158 ὄψεσθε
922 3059 991 3130 κτλ.
1101 3069 1109 3080 '

232 3262 384 3336 Heracl.
399 3265 485 3337 139:
499 3265 651 3360 Ἀργεῖρς
664 3266 715 3338 ὢν
732 3265 801 3358 γὰρ
820 3261 928 3346 αὐτὸς
938 3261 1115 3357 Ἀργείαις
1130 3261 1207 3357 ἄρα

500 3382 541 3456 ἐκ
554 3391 618 3482 τῆς
629 3383 782 3477 ἐραστοῦ
795 3383 921 3455 τούσδε
932 3381 1115 3475 δραπέτας
1126 3378 1207 3478 ἔχω
1216 3405 1242 3453 ν.

155 3499 329 3574 Molestum
344 3514 395 3574 est
408 3502 613 3600 participium
628 3498 736 3598 ἔχων
749 3529 777 3574 ν.
793 3503 865 3573 140
879 3502 988 3599 itaque
1003 3500 1089 3572 omni
1102 3499 1132 3570 vi
1147 3524 1275 3590 carens,

155 3631 200 3709 ut,
219 3618 365 3716 quamvis
384 3633 546 3717 repugnet
562 3617 760 3710 KlotziuS,
785 3617 1032 3691 Kircbbollio
1055 3632 1088 3689 et
1104 3616 1275 3689 Nauckio

152 3737 396 3809 assentiendum
421 3737 473 3826 sit,
500 3737 554 3833 qui
578 3737 764 3809 coniectura
789 3736 962 3809 tollendam
985 3734 1072 3807 illam
1093 3733 1275 3806 molestiam

154 3867 300 3926 censent.
338 3855 419 3941 Quis
443 3855 528 3927 enim
555 3855 619 3956 boc
643 3855 844 3951 potissimum
869 3854 954 3942 loco,
978 3854 1031 3925 ubi
1051 3881 1078 3924 v.
1098 3854 1169 3926 138
1189 3854 1274 3925 idern

154 3965 247 4066 ἔχων
260 3973 291 4044 in
307 3972 452 4045 clausula
467 3985 528 4060 est,
547 3971 641 4043 facile
655 3972 804 4044 tolerabit
818 3973 906 4044 verbi
922 3973 1145 4070 repetitionem
1160 3996 1273 4067 parum

153 4085 362 4186 elegenteml'
375 4089 445 4162 Hoc
459 4115 535 4162 vero
554 4089 659 4160 sensit
675 4087 831 4178 KlotziuS,
850 4115 956 4188 neque
973 4088 1206 4162 Kircbbollii
1225 4089 1274 4160 in·

153 4221 249 4306 vento
268 4208 381 4279 sarciri
402 4209 553 4280 damnum
573 4232 679 4305 neque
698 4208 884 4281 coniectura
909 4207 1084 4301 Nauckii,
1107 4209 1161 4305 qui
1185 4207 1273 4301 ἄγω

154 4324 228 4397 loco
245 4325 335 4397 verbi
359 4321 451 4420 ἔχιαν
469 4353 496 4396 v.
516 4328 599 4418 140,
618 4351 678 4423 pro
702 4323 779 4420 ἄρα
802 4339 909 4400 autem
927 4353 956 4398 v.
975 4325 1046 4398 139
1065 4326 1272 4398 scribendum
