2900 4834
174 261 220 328 72

175 481 299 549 sensum
326 488 387 546 est.
439 476 639 574 interpretati
668 489 790 548 nutem:
822 499 912 568 „prm
942 477 1042 545 cultro
1072 474 1293 566 aperueris,

173 593 464 688 inquinamur<
483 595 516 665 id
538 594 673 667 maxime
697 593 848 682 efficium,
872 605 906 664 ut
923 591 1079 687 dubitatio
1098 592 1139 664 de
1157 589 1293 688 integri·

175 727 242 786 tate
261 713 442 810 scripturae
460 713 555 786 nobis
573 711 622 786 vel
641 712 746 785 invitis
764 711 931 794 excitetur.
976 708 1081 808 Atque
1101 709 1165 782 hoc
1183 720 1292 780 statuo

176 832 338 930 equidem,
356 857 418 929 pru
429 829 657 903 όΙθΙΞΗΙΟ
668 831 875 903 scribendum
889 855 965 902 esse
978 829 1002 900 Δ
1009 827 1154 900 ΔΙΞΗΙ
1157 825 1196 919 0,
1210 828 1241 900 h.
1258 853 1288 898 e.

169 1002 173 1017 .
293 946 319 1046 ᾖ
335 949 367 1020 d’
384 949 426 1022 ἂν
444 947 591 1044 όαῖξῃς
605 950 735 1043 σφάγια
752 947 810 1019 καὶ
826 949 966 1043 τρώσῃς
980 947 1085 1042 φόνον
1102 947 1169 1018 κτλ.

176 1069 216 1140 ci.
233 1068 351 1140 Aesch.
367 1066 480 1165 Agam.
498 1068 586 1139 207:
604 1066 720 1140 τέκνον
738 1064 882 1155 dudem,
901 1066 1018 1158 όόμιυν
1036 1065 1184 1161 ἄγαλυα.
1213 1065 1288 1137 Eur.

176 1187 243 1284 lph.
266 1186 362 1259 Taur.
383 1189 473 1260 872:
497 1187 594 1279 παρὰ
612 1186 645 1258 ιλ
661 1185 774 1280 ὀλίγον
791 1185 972 1281 ἀπέφυγες
986 1183 1134 1278 ὄλεθρον
1152 1183 1289 1256 ἀνόσιον

177 1305 219 1386 ἐξ
234 1303 322 1396 ἐμᾶν
339 1303 531 1399 δαϊχθεὶς
546 1311 676 1399 χερῶν.
705 1304 808 1403 Soph.
824 1305 872 1376 Αἰ.
890 1304 978 1376 219:
1001 1304 1129 1376 τοιαῦτ’
1146 1303 1189 1375 ἂν
1206 1300 1293 1385 ἵόοις

176 1430 306 1522 σκηνῆς
326 1420 425 1496 ἔνόον
442 1426 697 1520 χειροόάϊκτα
719 1423 855 1519 σφάγι’
877 1423 1069 1522 αἱροβαφῆ.
1111 1423 1207 1510 Quod
1230 1423 1291 1494 nd·

175 1547 317 1618 iunctum
343 1557 449 1616 autem
477 1550 544 1618 est:
569 1542 628 1616 καὶ
653 1544 818 1639 τρώσῃς
840 1543 964 1638 φόνον
990 1546 1056 1636 (dia
1080 1545 1293 1614 Tadeswcnde

175 1665 349 1756 satrapea),
372 1663 452 1734 sutis
477 1661 601 1734 videtur
623 1661 653 1736 M
661 1662 870 1759 usgravius
895 1662 1083 1734 defendisse
1106 1660 1161 1732 illu
1185 1661 1293 1734 Phoe·

177 1783 337 1854 nissarum
356 1780 429 1854 locu
447 1808 476 1853 v.
495 1782 601 1852 1431:
628 1780 918 1874 τετρωμένους
937 1781 970 1852 d'
993 1779 1113 1854 λόοῦσα
1136 1779 1293 1873 καιρίους
1431 1803 1432 1878 ι

176 1901 341 1996 σφαγὰς
356 1895 515 1995 ᾤμωξεν,
530 1925 723 1997 quamquam
742 1899 923 1998 expeditius
941 1901 1037 1972 foret:
1054 1898 1113 1975 καὶ
1130 1899 1290 1992 πράξῃς

177 2021 293 2116 φόνον,
313 2021 353 2090 ολ
376 2017 614 2092 Orest135d:
636 2019 657 2090 ό
680 2017 889 2113 πραχθεὶς
908 2019 1043 2114 φόνος.
1075 2013 1285 2090 1579·;Ἓλὲ-
1431 1999 1432 2042 ³

177 2164 237 2234 νῃν
253 2137 430 2232 φονεύσας
445 2135 503 2208 ἐπλ
519 2136 617 2231 φόνῳ
636 2138 841 2229 πράσσεις
859 2137 984 2232 φόνον
1008 2136 1048 2209 ci.
1068 2137 1180 2209 1139:
1204 2133 1249 2206 αἶ
1274 2134 1284 2161 ’
1310 2113 1312 2124 ’
1431 2187 1432 2242 4

180 2255 455 2348 ἐπράξαμεν.
493 2256 560 2352 lph.
583 2253 655 2326 Aul.
679 2256 768 2328 512:
800 2255 977 2348 θυγατρός
1000 2253 1192 2352 αἱματηρόν
1220 2253 1291 2325 ἐκ·

177 2375 347 2465 πρᾶξαι
376 2372 523 2468 φόνον.
563 2373 654 2444 Piud.
683 2373 773 2446 Nem.
801 2374 849 2463 111,
880 2375 944 2446 46:
970 2375 1070 2468 μάχᾳ
1099 2373 1291 2444 λεόντεσσιν

179 2490 385 2584 ἀγροτέροις
405 2485 614 2584 ἔπρασσεν
635 2491 768 2586 φόνον.
806 2491 887 2564 Plau
904 2491 1004 2591 Legg.
1019 2489 1072 2564 lx.
1089 2519 1121 2590 p.
1137 2491 1223 2564 867.
1238 2491 1293 2562 B.:

179 2611 214 2680 οἶ
229 2615 281 2705 τῷ
297 2613 403 2704 θυμῷ
421 2610 686 2706 πραχθέντες
700 2611 827 2706 φόνοι.
863 2609 931 2686 Sed
946 2613 1104 2709 integrum
1118 2611 1181 2682 hoc
1194 2609 1309 2683 relin·'
1431 2685 1432 2696 ¹

177 2756 260 2826 qu03
286 2727 432 2825 ιλοΐξῃς
447 2741 553 2801 autem
571 2743 660 2802 recte
678 2756 729 2803 me
747 2730 924 2828 scripsisse
941 2731 984 2803 ita
1003 2731 1077 2802 mihi
1098 2753 1291 2827 persuasum
1431 2787 1432 2798 ,

79 2902 83 2910 .
176 2861 237 2937 est,
257 2860 290 2918 ut
308 2872 427 2920 novare
445 2847 595 2940 όάϊγρα
614 2873 677 2921 nou
697 2848 849 2939 dubitem,
871 2849 958 2944 quud
977 2875 1038 2946 pru
1055 2847 1190 2941 δίωγμα
1208 2847 1291 2920 scri·
1431 2833 1432 2872 ³

178 2967 319 3058 bendum
336 2990 412 3036 esse
429 2965 569 3036 arbitror
980 3043 982 3050 y

254 3082 334 3156 Hel.
352 3083 442 3157 354:
464 3084 488 3180 ἢ
512 3084 706 3179 ξιφοκτόνον
727 3087 881 3180 όάϊῃμα
973 3103 974 3106 ’

458 3203 668 3296 λοιρυρότου
692 3211 832 3299 σφαγᾶς
1431 3247 1432 3272 ι

460 3319 771 3416 αὐτοσίιλαρονὲσω
782 3324 923 3412 πελάσω
932 3323 1290 3418 όιάσαρκὸςάμιλλαν.
1431 3297 1432 3316 ¹

176 3446 270 3515 Certe
288 3441 423 3536 διἰοῃυα
440 3441 584 3538 ineptum
600 3456 651 3515 est
669 3442 700 3513 in
719 3467 825 3539 euque
842 3442 997 3518 Nauuki
1009 3469 1070 3515 um
1094 3470 1225 3546 quoque
1242 3444 1289 3518 vi·

177 3563 239 3648 deo
258 3562 444 3635 offendisse.
489 3590 491 3596 ·

251 3798 371 3874 Senem
389 3801 539 3872 samnium
557 3803 736 3876 admonens
751 3803 1005 3900 Clytaemnestra
1024 3817 1057 3876 ut
1075 3804 1162 3901 quod
1180 3804 1288 3876 animo
1431 3807 1432 3812 ’

176 3922 276 4016 agitet
285 3902 474 4017 'pronuntiet
488 3945 671 4019 sensusque
685 3946 764 3995 suos
778 3924 914 4021 aperiat,
926 3923 978 3996 his
993 3925 1089 3996 utitur
1102 3924 1210 3996 verbis

251 4040 329 4137 ιρι.
353 4038 436 4112 Aur.
460 4041 549 4112 872:
1012 4025 1018 4037 '

317 4158 509 4230 ἐκκάλυπτε
519 4161 575 4230 νῦν
584 4159 761 4255 ποθ’ῃρῖν,
772 4158 1211 4255 οὕστινοςλέῃειςλόῃους.

176 4281 267 4364 Quae
286 4302 480 4374 quamquam
499 4277 603 4388 facilia
623 4280 755 4351 suntad
775 4277 1037 4376 intellegendum,
1051 4280 1171 4354 habent
1185 4295 1289 4354 tamen
