<?xml version="1.0" encoding="UTF-8"?>
<!DOCTYPE html PUBLIC "-//W3C//DTD XHTML 1.0 Transitional//EN"
    "http://www.w3.org/TR/xhtml1/DTD/xhtml1-transitional.dtd">
<html xmlns="http://www.w3.org/1999/xhtml" xml:lang="en" lang="en">
 <head>
  <title>
</title>
<meta http-equiv="Content-Type" content="text/html;charset=utf-8" />
  <meta name='ocr-system' content='tesseract 3.04.00' />
  <meta name='ocr-capabilities' content='ocr_page ocr_carea ocr_par ocr_line ocrx_word'/>
</head>
<body>
  <div class='ocr_page' id='page_1' title='image "./analectasophocl00schmgoog_0034.png"; bbox 0 0 2914 4820; ppageno 0'>
   <div class='ocr_carea' id='block_1_1' title="bbox 1210 303 1256 374">
    <p class='ocr_par' dir='ltr' id='par_1_1' title="bbox 1210 303 1256 374">
     <span class='ocr_line' id='line_1_1' title="bbox 1210 303 1256 374; baseline 0 0"><span class='ocrx_word' id='word_1_1' title='bbox 1210 303 1256 374; x_wconf 84' lang='lat'><strong>23</strong></span> 
     </span>
    </p>
   </div>
   <div class='ocr_carea' id='block_1_2' title="bbox 68 522 1307 4423">
    <p class='ocr_par' dir='ltr' id='par_1_2' title="bbox 204 522 1160 631">
     <span class='ocr_line' id='line_1_2' title="bbox 204 522 1160 631; baseline -0.006 -30"><span class='ocrx_word' id='word_1_2' title='bbox 204 529 271 601; x_wconf 84' lang='lat' dir='ltr'><strong>El.</strong></span> <span class='ocrx_word' id='word_1_3' title='bbox 290 527 379 600; x_wconf 82' lang='lat'>363:</span> <span class='ocrx_word' id='word_1_4' title='bbox 398 523 476 618; x_wconf 76' lang='grc' dir='ltr'><em>ἐμοὶ</em></span> <span class='ocrx_word' id='word_1_5' title='bbox 492 525 560 620; x_wconf 72' lang='grc' dir='ltr'><strong>(ἀμ</strong></span> <span class='ocrx_word' id='word_1_6' title='bbox 578 522 669 597; x_wconf 77' lang='grc' dir='ltr'><em>ἔσταν</em></span> <span class='ocrx_word' id='word_1_7' title='bbox 688 523 814 631; x_wconf 73' lang='grc' dir='ltr'><em>τυρμὲ</em></span> <span class='ocrx_word' id='word_1_8' title='bbox 827 525 883 621; x_wconf 76' lang='grc' dir='ltr'><strong>μὴ</strong></span> <span class='ocrx_word' id='word_1_9' title='bbox 901 525 1040 596; x_wconf 80' lang='grc' dir='ltr'><em>λυπεῖν</em></span> <span class='ocrx_word' id='word_1_10' title='bbox 1053 525 1160 616; x_wconf 81' lang='grc' dir='ltr'><em>μόνον</em></span> 
     </span>
    </p>

    <p class='ocr_par' dir='ltr' id='par_1_3' title="bbox 68 641 1307 4423">
     <span class='ocr_line' id='line_1_3' title="bbox 389 641 1251 743; baseline 0 -29"><span class='ocrx_word' id='word_1_11' title='bbox 389 644 568 743; x_wconf 71' lang='grc' dir='ltr'><em>βόσκημα·</em></span> <span class='ocrx_word' id='word_1_12' title='bbox 587 652 650 741; x_wconf 81' lang='grc' dir='ltr'><strong>τῆς</strong></span> <span class='ocrx_word' id='word_1_13' title='bbox 665 651 734 742; x_wconf 78' lang='grc' dir='ltr'><strong>σῆς</strong></span> <span class='ocrx_word' id='word_1_14' title='bbox 748 644 782 715; x_wconf 74' lang='grc' dir='ltr'><strong>δ’</strong></span> <span class='ocrx_word' id='word_1_15' title='bbox 799 642 862 716; x_wconf 79' lang='grc' dir='ltr'><strong>οὐκ</strong></span> <span class='ocrx_word' id='word_1_16' title='bbox 881 641 955 736; x_wconf 81' lang='grc' dir='ltr'><strong>ὲμῶ</strong></span> <span class='ocrx_word' id='word_1_17' title='bbox 974 650 1072 740; x_wconf 79' lang='grc' dir='ltr'><em>τιμῆς</em></span> <span class='ocrx_word' id='word_1_18' title='bbox 1086 647 1206 739; x_wconf 79' lang='grc' dir='ltr'><em>τυχεῖν.</em></span> <span class='ocrx_word' id='word_1_19' title='bbox 1248 662 1251 670; x_wconf 74' lang='grc'>’</span> 
     </span>
     <span class='ocr_line' id='line_1_4' title="bbox 141 761 1257 863; baseline -0.004 -25"><span class='ocrx_word' id='word_1_20' title='bbox 141 767 351 863; x_wconf 79' lang='lat' dir='ltr'><strong>Quantopere</strong></span> <span class='ocrx_word' id='word_1_21' title='bbox 376 765 459 836; x_wconf 85' lang='lat' dir='ltr'><strong>haec</strong></span> <span class='ocrx_word' id='word_1_22' title='bbox 481 764 673 860; x_wconf 80' lang='lat' dir='ltr'><strong>interpretes</strong></span> <span class='ocrx_word' id='word_1_23' title='bbox 697 777 730 834; x_wconf 91' lang='lat' dir='ltr'><strong>et</strong></span> <span class='ocrx_word' id='word_1_24' title='bbox 753 761 935 834; x_wconf 80' lang='lat' dir='ltr'><strong>vexaverint</strong></span> <span class='ocrx_word' id='word_1_25' title='bbox 958 775 990 833; x_wconf 93' lang='lat' dir='ltr'><strong>et</strong></span> <span class='ocrx_word' id='word_1_26' title='bbox 1014 775 1128 834; x_wconf 87' lang='lat' dir='ltr'><strong>vexent</strong></span> <span class='ocrx_word' id='word_1_27' title='bbox 1151 761 1257 849; x_wconf 89' lang='lat' dir='ltr'><strong>hodie,</strong></span> 
     </span>
     <span class='ocr_line' id='line_1_5' title="bbox 142 879 1257 981; baseline -0.005 -25"><span class='ocrx_word' id='word_1_28' title='bbox 142 885 193 956; x_wconf 81' lang='lat' dir='ltr'><strong>vix</strong></span> <span class='ocrx_word' id='word_1_29' title='bbox 211 885 273 956; x_wconf 86' lang='lat' dir='ltr'><strong>diei</strong></span> <span class='ocrx_word' id='word_1_30' title='bbox 291 894 410 981; x_wconf 82' lang='lat' dir='ltr'><strong>potest.</strong></span> <span class='ocrx_word' id='word_1_31' title='bbox 454 882 502 954; x_wconf 85' lang='lat' dir='ltr'><strong>Ac</strong></span> <span class='ocrx_word' id='word_1_32' title='bbox 521 880 607 952; x_wconf 89' lang='lat' dir='ltr'><strong>multi</strong></span> <span class='ocrx_word' id='word_1_33' title='bbox 626 879 766 979; x_wconf 89' lang='lat' dir='ltr'><strong>quidem,</strong></span> <span class='ocrx_word' id='word_1_34' title='bbox 792 893 825 951; x_wconf 94' lang='lat' dir='ltr'><strong>ut</strong></span> <span class='ocrx_word' id='word_1_35' title='bbox 844 893 919 977; x_wconf 88' lang='lat' dir='ltr'><strong>post</strong></span> <span class='ocrx_word' id='word_1_36' title='bbox 936 880 1142 952; x_wconf 83' lang='lat' dir='ltr'><strong>Heatliium</strong></span> <span class='ocrx_word' id='word_1_37' title='bbox 1161 881 1257 951; x_wconf 88' lang='lat' dir='ltr'><strong>ller-</strong></span> 
     </span>
     <span class='ocr_line' id='line_1_6' title="bbox 140 999 1257 1097; baseline -0.004 -22"><span class='ocrx_word' id='word_1_38' title='bbox 140 1028 321 1093; x_wconf 89' lang='lat' dir='ltr'><strong>mannus,</strong></span> <span class='ocrx_word' id='word_1_39' title='bbox 344 999 572 1092; x_wconf 76' lang='lat' dir='ltr'><strong>WunderuS,</strong></span> <span class='ocrx_word' id='word_1_40' title='bbox 599 1001 651 1097; x_wconf 91' lang='lat' dir='ltr'><strong>qui</strong></span> <span class='ocrx_word' id='word_1_41' title='bbox 678 1013 785 1072; x_wconf 89' lang='lat' dir='ltr'><strong>tamen</strong></span> <span class='ocrx_word' id='word_1_42' title='bbox 812 999 844 1069; x_wconf 96' lang='lat' dir='ltr'><strong>in</strong></span> <span class='ocrx_word' id='word_1_43' title='bbox 872 999 923 1071; x_wconf 89' lang='lat' dir='ltr'><strong>ed.</strong></span> <span class='ocrx_word' id='word_1_44' title='bbox 948 1000 995 1070; x_wconf 91' lang='lat' dir='ltr'><strong>lll.</strong></span> <span class='ocrx_word' id='word_1_45' title='bbox 1024 999 1118 1072; x_wconf 87' lang='lat' dir='ltr'><strong>aliter</strong></span> <span class='ocrx_word' id='word_1_46' title='bbox 1144 1001 1257 1088; x_wconf 86' lang='lat' dir='ltr'><strong>sensit,</strong></span> 
     </span>
     <span class='ocr_line' id='line_1_7' title="bbox 142 1117 1255 1218; baseline -0.004 -24"><span class='ocrx_word' id='word_1_47' title='bbox 142 1119 405 1218; x_wconf 74' lang='lat' dir='ltr'><strong>llartungiuS,</strong></span> <span class='ocrx_word' id='word_1_48' title='bbox 435 1118 665 1190; x_wconf 82' lang='lat' dir='ltr'><strong>Dindurlius</strong></span> <span class='ocrx_word' id='word_1_49' title='bbox 692 1143 763 1192; x_wconf 88' lang='lat' dir='ltr'><strong>eam</strong></span> <span class='ocrx_word' id='word_1_50' title='bbox 789 1117 959 1215; x_wconf 86' lang='lat' dir='ltr'><strong>amplexati</strong></span> <span class='ocrx_word' id='word_1_51' title='bbox 987 1132 1062 1190; x_wconf 89' lang='lat' dir='ltr'><strong>sunt</strong></span> <span class='ocrx_word' id='word_1_52' title='bbox 1088 1119 1255 1190; x_wconf 88' lang='lat' dir='ltr'><strong>verborum</strong></span> 
     </span>
     <span class='ocr_line' id='line_1_8' title="bbox 145 1237 1256 1338; baseline -0.004 -26"><span class='ocrx_word' id='word_1_53' title='bbox 145 1239 398 1338; x_wconf 78' lang='lat' dir='ltr'><strong>explicationem,</strong></span> <span class='ocrx_word' id='word_1_54' title='bbox 429 1259 524 1334; x_wconf 88' lang='lat' dir='ltr'><strong>quam</strong></span> <span class='ocrx_word' id='word_1_55' title='bbox 551 1261 634 1308; x_wconf 86' lang='lat' dir='ltr'><strong>unus</strong></span> <span class='ocrx_word' id='word_1_56' title='bbox 661 1262 700 1308; x_wconf 93' lang='lat' dir='ltr'><strong>ex</strong></span> <span class='ocrx_word' id='word_1_57' title='bbox 726 1237 911 1308; x_wconf 89' lang='lat' dir='ltr'><strong>scholiastis</strong></span> <span class='ocrx_word' id='word_1_58' title='bbox 937 1240 1125 1335; x_wconf 87' lang='lat' dir='ltr'><strong>proposuit:</strong></span> <span class='ocrx_word' id='word_1_59' title='bbox 1156 1241 1256 1308; x_wconf 80' lang='grc' dir='ltr'><em>ταῦτα</em></span> 
     </span>
     <span class='ocr_line' id='line_1_9' title="bbox 142 1355 1259 1455; baseline -0.004 -24"><span class='ocrx_word' id='word_1_60' title='bbox 142 1361 249 1452; x_wconf 82' lang='grc' dir='ltr'><em>μόναν</em></span> <span class='ocrx_word' id='word_1_61' title='bbox 265 1356 330 1450; x_wconf 83' lang='grc' dir='ltr'><strong>ἐμὲ</strong></span> <span class='ocrx_word' id='word_1_62' title='bbox 344 1356 503 1455; x_wconf 72' lang='grc' dir='ltr'><em>βααπὲτω</em></span> <span class='ocrx_word' id='word_1_63' title='bbox 521 1355 559 1428; x_wconf 86' lang='grc' dir='ltr'><strong>τὸ</strong></span> <span class='ocrx_word' id='word_1_64' title='bbox 574 1357 626 1453; x_wconf 81' lang='grc' dir='ltr'><strong>μὴ</strong></span> <span class='ocrx_word' id='word_1_65' title='bbox 643 1355 759 1428; x_wconf 83' lang='grc' dir='ltr'><em>λυπεῖν</em></span> <span class='ocrx_word' id='word_1_66' title='bbox 777 1355 842 1448; x_wconf 79' lang='grc' dir='ltr'><strong>ἐμὲ</strong></span> <span class='ocrx_word' id='word_1_67' title='bbox 860 1355 979 1450; x_wconf 74' lang='grc' dir='ltr'><em>αὐτήν,</em></span> <span class='ocrx_word' id='word_1_68' title='bbox 994 1355 1027 1427; x_wconf 80' lang='grc' dir='ltr'><strong>εἰ</strong></span> <span class='ocrx_word' id='word_1_69' title='bbox 1037 1359 1107 1438; x_wconf 77' lang='grc' dir='ltr'><em>ταῖς</em></span> <span class='ocrx_word' id='word_1_70' title='bbox 1117 1359 1259 1451; x_wconf 84' lang='grc' dir='ltr'><em>φονεῦσι</em></span> 
     </span>
     <span class='ocr_line' id='line_1_10' title="bbox 144 1465 1259 1572; baseline -0.003 -22"><span class='ocrx_word' id='word_1_71' title='bbox 144 1483 204 1550; x_wconf 80' lang='grc' dir='ltr'><strong>ταῦ</strong></span> <span class='ocrx_word' id='word_1_72' title='bbox 220 1475 356 1568; x_wconf 82' lang='grc' dir='ltr'><em>πατρὸς</em></span> <span class='ocrx_word' id='word_1_73' title='bbox 374 1465 560 1550; x_wconf 59' lang='grc' dir='ltr'><em>πείθεσθαι</em></span> <span class='ocrx_word' id='word_1_74' title='bbox 577 1476 900 1572; x_wconf 65' lang='grc' dir='ltr'><em>ἀναγκασθήσομαι.</em></span> <span class='ocrx_word' id='word_1_75' title='bbox 937 1477 1053 1546; x_wconf 83' lang='lat' dir='ltr'><strong>Putant</strong></span> <span class='ocrx_word' id='word_1_76' title='bbox 1070 1476 1177 1572; x_wconf 86' lang='lat' dir='ltr'><strong>igitur,</strong></span> <span class='ocrx_word' id='word_1_77' title='bbox 1196 1475 1259 1547; x_wconf 83' lang='lat' dir='ltr'><strong>lina</strong></span> 
     </span>
     <span class='ocr_line' id='line_1_11' title="bbox 68 1583 1257 1694; baseline -0.002 -28"><span class='ocrx_word' id='word_1_78' title='bbox 68 1583 70 1594; x_wconf 50' lang='lat'>¹</span> <span class='ocrx_word' id='word_1_79' title='bbox 144 1597 252 1668; x_wconf 82' lang='lat' dir='ltr'><strong>dicere</strong></span> <span class='ocrx_word' id='word_1_80' title='bbox 269 1595 445 1686; x_wconf 79' lang='lat' dir='ltr'><strong>Electram,</strong></span> <span class='ocrx_word' id='word_1_81' title='bbox 471 1597 503 1668; x_wconf 92' lang='lat' dir='ltr'><strong>id</strong></span> <span class='ocrx_word' id='word_1_82' title='bbox 527 1596 729 1694; x_wconf 84' lang='lat' dir='ltr'><strong>potissimum</strong></span> <span class='ocrx_word' id='word_1_83' title='bbox 754 1621 831 1669; x_wconf 83' lang='lat' dir='ltr'><strong>sese</strong></span> <span class='ocrx_word' id='word_1_84' title='bbox 854 1621 964 1694; x_wconf 87' lang='lat' dir='ltr'><strong>agere,</strong></span> <span class='ocrx_word' id='word_1_85' title='bbox 993 1609 1090 1668; x_wconf 86' lang='lat' dir='ltr'><strong>utne</strong></span> <span class='ocrx_word' id='word_1_86' title='bbox 1113 1594 1257 1666; x_wconf 89' lang='lat' dir='ltr'><strong>dolorem</strong></span> 
     </span>
     <span class='ocr_line' id='line_1_12' title="bbox 146 1713 1258 1813; baseline -0.001 -29"><span class='ocrx_word' id='word_1_87' title='bbox 146 1715 296 1812; x_wconf 86' lang='lat' dir='ltr'><strong>sibiipsa</strong></span> <span class='ocrx_word' id='word_1_88' title='bbox 314 1716 419 1813; x_wconf 89' lang='lat' dir='ltr'><strong>pariat</strong></span> <span class='ocrx_word' id='word_1_89' title='bbox 437 1715 647 1788; x_wconf 88' lang='lat' dir='ltr'><strong>connivendo.</strong></span> <span class='ocrx_word' id='word_1_90' title='bbox 684 1715 725 1787; x_wconf 83' lang='lat' dir='ltr'><strong>At</strong></span> <span class='ocrx_word' id='word_1_91' title='bbox 742 1715 819 1786; x_wconf 92' lang='lat' dir='ltr'><strong>vidit</strong></span> <span class='ocrx_word' id='word_1_92' title='bbox 837 1715 899 1786; x_wconf 93' lang='lat' dir='ltr'><strong>iam</strong></span> <span class='ocrx_word' id='word_1_93' title='bbox 917 1713 1258 1802; x_wconf 88' lang='lat' dir='ltr'><strong>Schneidewinus,</strong></span> 
     </span>
     <span class='ocr_line' id='line_1_13' title="bbox 147 1831 1258 1932; baseline -0.003 -27"><span class='ocrx_word' id='word_1_94' title='bbox 147 1834 227 1905; x_wconf 91' lang='lat' dir='ltr'><strong>haec</strong></span> <span class='ocrx_word' id='word_1_95' title='bbox 245 1835 272 1904; x_wconf 93' lang='lat' dir='ltr'><strong>si</strong></span> <span class='ocrx_word' id='word_1_96' title='bbox 291 1833 445 1905; x_wconf 83' lang='lat' dir='ltr'><strong>voluisset</strong></span> <span class='ocrx_word' id='word_1_97' title='bbox 461 1835 652 1931; x_wconf 85' lang='lat' dir='ltr'><strong>exprimere,</strong></span> <span class='ocrx_word' id='word_1_98' title='bbox 679 1847 807 1932; x_wconf 91' lang='lat' dir='ltr'><strong>poetam</strong></span> <span class='ocrx_word' id='word_1_99' title='bbox 827 1835 898 1906; x_wconf 90' lang='lat' dir='ltr'><strong>sine</strong></span> <span class='ocrx_word' id='word_1_100' title='bbox 917 1835 1015 1906; x_wconf 92' lang='lat' dir='ltr'><strong>dubio</strong></span> <span class='ocrx_word' id='word_1_101' title='bbox 1034 1859 1096 1904; x_wconf 92' lang='lat' dir='ltr'><strong>non</strong></span> <span class='ocrx_word' id='word_1_102' title='bbox 1116 1831 1181 1924; x_wconf 78' lang='grc' dir='ltr'><strong>ἐμὲ</strong></span> <span class='ocrx_word' id='word_1_103' title='bbox 1199 1833 1258 1904; x_wconf 88' lang='lat' dir='ltr'><strong>sed</strong></span> 
     </span>
     <span class='ocr_line' id='line_1_14' title="bbox 144 1951 1259 2051; baseline 0 -29"><span class='ocrx_word' id='word_1_104' title='bbox 144 1951 298 2047; x_wconf 69' lang='grc' dir='ltr'><em>ἐμαυτήν</em></span> <span class='ocrx_word' id='word_1_105' title='bbox 310 1952 505 2050; x_wconf 88' lang='lat' dir='ltr'><strong>scripturum</strong></span> <span class='ocrx_word' id='word_1_106' title='bbox 521 1952 632 2024; x_wconf 85' lang='lat' dir='ltr'><strong>luisse.</strong></span> <span class='ocrx_word' id='word_1_107' title='bbox 667 1953 791 2026; x_wconf 87' lang='lat' dir='ltr'><strong>Deinde</strong></span> <span class='ocrx_word' id='word_1_108' title='bbox 805 1953 878 2051; x_wconf 87' lang='lat' dir='ltr'><strong>plus</strong></span> <span class='ocrx_word' id='word_1_109' title='bbox 892 1951 1001 2024; x_wconf 92' lang='lat' dir='ltr'><strong>volunt</strong></span> <span class='ocrx_word' id='word_1_110' title='bbox 1015 1952 1121 2024; x_wconf 90' lang='lat' dir='ltr'><strong>verbis</strong></span> <span class='ocrx_word' id='word_1_111' title='bbox 1136 1951 1259 2048; x_wconf 85' lang='lat' dir='ltr'><strong>signifi·</strong></span> 
     </span>
     <span class='ocr_line' id='line_1_15' title="bbox 144 2069 1259 2168; baseline -0.006 -22"><span class='ocrx_word' id='word_1_112' title='bbox 144 2071 225 2159; x_wconf 86' lang='lat' dir='ltr'><strong>cari,</strong></span> <span class='ocrx_word' id='word_1_113' title='bbox 237 2071 614 2168; x_wconf 85' lang='lat' dir='ltr'><strong>quamipsasiguilioant.</strong></span> <span class='ocrx_word' id='word_1_114' title='bbox 634 2071 770 2144; x_wconf 84' lang='lat' dir='ltr'><strong>Accedit</strong></span> <span class='ocrx_word' id='word_1_115' title='bbox 780 2071 878 2168; x_wconf 90' lang='lat' dir='ltr'><strong>quod,</strong></span> <span class='ocrx_word' id='word_1_116' title='bbox 888 2069 1259 2142; x_wconf 81' lang='lat' dir='ltr'><strong>utiMeinelriusrecte</strong></span> 
     </span>
     <span class='ocr_line' id='line_1_16' title="bbox 149 2188 1277 2287; baseline 0 -29"><span class='ocrx_word' id='word_1_117' title='bbox 149 2188 254 2258; x_wconf 83' lang='lat' dir='ltr'><strong>sensit</strong></span> <span class='ocrx_word' id='word_1_118' title='bbox 263 2189 408 2287; x_wconf 76' lang='lat' dir='ltr'><strong>[Auulp.</strong></span> <span class='ocrx_word' id='word_1_119' title='bbox 418 2189 518 2278; x_wconf 79' lang='lat'><strong>256),</strong></span> <span class='ocrx_word' id='word_1_120' title='bbox 531 2213 667 2287; x_wconf 90' lang='lat' dir='ltr'><strong>prorsus</strong></span> <span class='ocrx_word' id='word_1_121' title='bbox 681 2213 745 2260; x_wconf 93' lang='lat' dir='ltr'><strong>non</strong></span> <span class='ocrx_word' id='word_1_122' title='bbox 760 2188 954 2260; x_wconf 89' lang='lat' dir='ltr'><strong>conveniens</strong></span> <span class='ocrx_word' id='word_1_123' title='bbox 969 2200 1019 2260; x_wconf 87' lang='lat' dir='ltr'><strong>est</strong></span> <span class='ocrx_word' id='word_1_124' title='bbox 1032 2201 1064 2260; x_wconf 91' lang='lat' dir='ltr'><strong>et</strong></span> <span class='ocrx_word' id='word_1_125' title='bbox 1074 2211 1258 2286; x_wconf 84' lang='lat' dir='ltr'><strong>congruens</strong></span> <span class='ocrx_word' id='word_1_126' title='bbox 1275 2205 1277 2213; x_wconf 62' lang='lat'><strong>⁴</strong></span> 
     </span>
     <span class='ocr_line' id='line_1_17' title="bbox 149 2305 1258 2405; baseline 0.003 -29"><span class='ocrx_word' id='word_1_127' title='bbox 149 2307 312 2403; x_wconf 89' lang='lat' dir='ltr'><strong>impotenti</strong></span> <span class='ocrx_word' id='word_1_128' title='bbox 324 2307 471 2380; x_wconf 79' lang='lat' dir='ltr'><strong>Electrae</strong></span> <span class='ocrx_word' id='word_1_129' title='bbox 489 2308 595 2380; x_wconf 88' lang='lat' dir='ltr'><strong>enimn</strong></span> <span class='ocrx_word' id='word_1_130' title='bbox 614 2307 704 2380; x_wconf 86' lang='lat' dir='ltr'><strong>exilis</strong></span> <span class='ocrx_word' id='word_1_131' title='bbox 725 2305 778 2380; x_wconf 90' lang='lat' dir='ltr'><strong>illa</strong></span> <span class='ocrx_word' id='word_1_132' title='bbox 793 2307 941 2405; x_wconf 87' lang='lat' dir='ltr'><strong>voluptas</strong></span> <span class='ocrx_word' id='word_1_133' title='bbox 962 2333 1024 2378; x_wconf 92' lang='lat' dir='ltr'><strong>non</strong></span> <span class='ocrx_word' id='word_1_134' title='bbox 1040 2307 1258 2404; x_wconf 90' lang='lat' dir='ltr'><strong>morigerandi</strong></span> 
     </span>
     <span class='ocr_line' id='line_1_18' title="bbox 145 2423 1257 2524; baseline 0.003 -30"><span class='ocrx_word' id='word_1_135' title='bbox 145 2423 291 2496; x_wconf 87' lang='lat' dir='ltr'><strong>inimicis.</strong></span> <span class='ocrx_word' id='word_1_136' title='bbox 310 2445 312 2454; x_wconf 77' lang='grc'>’</span> <span class='ocrx_word' id='word_1_137' title='bbox 328 2426 423 2512; x_wconf 85' lang='lat' dir='ltr'><strong>Quod</strong></span> <span class='ocrx_word' id='word_1_138' title='bbox 445 2451 521 2497; x_wconf 91' lang='lat' dir='ltr'><strong>vero</strong></span> <span class='ocrx_word' id='word_1_139' title='bbox 544 2426 700 2518; x_wconf 85' lang='lat' dir='ltr'><strong>nonnulli,</strong></span> <span class='ocrx_word' id='word_1_140' title='bbox 723 2440 757 2498; x_wconf 92' lang='lat' dir='ltr'><strong>ut</strong></span> <span class='ocrx_word' id='word_1_141' title='bbox 777 2427 1019 2524; x_wconf 77' lang='lat' dir='ltr'><strong>Hartungius</strong></span> <span class='ocrx_word' id='word_1_142' title='bbox 1041 2441 1073 2498; x_wconf 89' lang='lat' dir='ltr'><strong>et</strong></span> <span class='ocrx_word' id='word_1_143' title='bbox 1094 2425 1257 2498; x_wconf 81' lang='lat' dir='ltr'><strong>Liibker.</strong></span> 
     </span>
     <span class='ocr_line' id='line_1_19' title="bbox 145 2544 1260 2644; baseline -0.001 -30"><span class='ocrx_word' id='word_1_144' title='bbox 145 2544 304 2638; x_wconf 65' lang='lat' dir='ltr'><strong>(Mutzell.</strong></span> <span class='ocrx_word' id='word_1_145' title='bbox 323 2545 417 2616; x_wconf 78' lang='lat' dir='ltr'><strong>Dior.</strong></span> <span class='ocrx_word' id='word_1_146' title='bbox 433 2569 495 2616; x_wconf 82' lang='lat' dir='ltr'><strong>rar.</strong></span> <span class='ocrx_word' id='word_1_147' title='bbox 512 2549 608 2617; x_wconf 78' lang='lat' dir='ltr'><strong>schol.</strong></span> <span class='ocrx_word' id='word_1_148' title='bbox 622 2545 686 2616; x_wconf 62' lang='lat' dir='ltr'><strong>Vlla</strong></span> <span class='ocrx_word' id='word_1_149' title='bbox 702 2572 734 2644; x_wconf 95' lang='lat' dir='ltr'><strong>p.</strong></span> <span class='ocrx_word' id='word_1_150' title='bbox 748 2547 836 2639; x_wconf 79' lang='lat'><strong>750)</strong></span> <span class='ocrx_word' id='word_1_151' title='bbox 857 2545 990 2643; x_wconf 86' lang='lat' dir='ltr'><strong>exprimi</strong></span> <span class='ocrx_word' id='word_1_152' title='bbox 1008 2545 1122 2617; x_wconf 85' lang='lat' dir='ltr'><strong>iisdem</strong></span> <span class='ocrx_word' id='word_1_153' title='bbox 1141 2547 1260 2635; x_wconf 76' lang='lat' dir='ltr'><strong>volunt,</strong></span> 
     </span>
     <span class='ocr_line' id='line_1_20' title="bbox 145 2643 1261 2761; baseline -0.003 -25"><span class='ocrx_word' id='word_1_154' title='bbox 145 2665 292 2737; x_wconf 82' lang='lat' dir='ltr'><strong>Electrae</strong></span> <span class='ocrx_word' id='word_1_155' title='bbox 318 2664 530 2734; x_wconf 88' lang='lat' dir='ltr'><strong>immoderato</strong></span> <span class='ocrx_word' id='word_1_156' title='bbox 553 2643 633 2735; x_wconf 90' lang='lat' dir='ltr'><strong>odio</strong></span> <span class='ocrx_word' id='word_1_157' title='bbox 659 2663 816 2736; x_wconf 87' lang='lat' dir='ltr'><strong>contineri</strong></span> <span class='ocrx_word' id='word_1_158' title='bbox 841 2663 991 2761; x_wconf 90' lang='lat' dir='ltr'><strong>pietatem</strong></span> <span class='ocrx_word' id='word_1_159' title='bbox 1018 2664 1049 2734; x_wconf 93' lang='lat' dir='ltr'><strong>in</strong></span> <span class='ocrx_word' id='word_1_160' title='bbox 1073 2677 1208 2760; x_wconf 88' lang='lat' dir='ltr'><strong>patrem,</strong></span> <span class='ocrx_word' id='word_1_161' title='bbox 1228 2674 1261 2733; x_wconf 92' lang='lat' dir='ltr'><strong>ut</strong></span> 
     </span>
     <span class='ocr_line' id='line_1_21' title="bbox 148 2779 1261 2878; baseline -0.002 -24"><span class='ocrx_word' id='word_1_162' title='bbox 148 2779 252 2874; x_wconf 88' lang='grc' dir='ltr'><strong>τούμὲ</strong></span> <span class='ocrx_word' id='word_1_163' title='bbox 271 2782 460 2878; x_wconf 63' lang='lat' dir='ltr'><strong>santanae</strong></span> <span class='ocrx_word' id='word_1_164' title='bbox 478 2783 547 2854; x_wconf 90' lang='lat' dir='ltr'><strong>lere</strong></span> <span class='ocrx_word' id='word_1_165' title='bbox 564 2781 648 2853; x_wconf 88' lang='lat' dir='ltr'><strong>idam</strong></span> <span class='ocrx_word' id='word_1_166' title='bbox 664 2779 779 2872; x_wconf 89' lang='lat' dir='ltr'><strong>valeat,</strong></span> <span class='ocrx_word' id='word_1_167' title='bbox 803 2781 890 2877; x_wconf 92' lang='lat' dir='ltr'><strong>quod</strong></span> <span class='ocrx_word' id='word_1_168' title='bbox 909 2806 976 2852; x_wconf 83' lang='lat' dir='ltr'><strong>aon</strong></span> <span class='ocrx_word' id='word_1_169' title='bbox 993 2785 1158 2852; x_wconf 77' lang='lat' dir='ltr'><strong>deaeimere</strong></span> <span class='ocrx_word' id='word_1_170' title='bbox 1176 2805 1196 2852; x_wconf 87' lang='grc' dir='ltr'><em>α</em></span> <span class='ocrx_word' id='word_1_171' title='bbox 1213 2805 1261 2852; x_wconf 84' lang='lat' dir='ltr'><strong>rue</strong></span> 
     </span>
     <span class='ocr_line' id='line_1_22' title="bbox 147 2902 1261 2997; baseline 0 -25"><span class='ocrx_word' id='word_1_172' title='bbox 147 2905 227 2995; x_wconf 77' lang='lat' dir='ltr'><strong>ipso,</strong></span> <span class='ocrx_word' id='word_1_173' title='bbox 244 2906 301 2972; x_wconf 80' lang='lat' dir='ltr'><strong>scol</strong></span> <span class='ocrx_word' id='word_1_174' title='bbox 318 2903 352 2972; x_wconf 80' lang='lat' dir='ltr'><strong>ia</strong></span> <span class='ocrx_word' id='word_1_175' title='bbox 365 2903 472 2997; x_wconf 66' lang='lat' dir='ltr'><strong>effide</strong></span> <span class='ocrx_word' id='word_1_176' title='bbox 486 2917 650 2994; x_wconf 81' lang='lat' dir='ltr'><strong>rectaeque</strong></span> <span class='ocrx_word' id='word_1_177' title='bbox 662 2902 838 2972; x_wconf 77' lang='lat' dir='ltr'><strong>uoluntatis</strong></span> <span class='ocrx_word' id='word_1_178' title='bbox 851 2902 1042 2972; x_wconf 67' lang='lat' dir='ltr'><strong>accedentia</strong></span> <span class='ocrx_word' id='word_1_179' title='bbox 1056 2903 1261 2994; x_wconf 82' lang='lat' dir='ltr'><strong>acquiescere,</strong></span> 
     </span>
     <span class='ocr_line' id='line_1_23' title="bbox 145 3019 1263 3118; baseline -0.002 -27"><span class='ocrx_word' id='word_1_180' title='bbox 145 3021 321 3092; x_wconf 85' lang='lat' dir='ltr'><strong>artificiosa</strong></span> <span class='ocrx_word' id='word_1_181' title='bbox 348 3020 411 3092; x_wconf 80' lang='lat' dir='ltr'><strong>lice</strong></span> <span class='ocrx_word' id='word_1_182' title='bbox 433 3020 698 3118; x_wconf 87' lang='lat' dir='ltr'><strong>interpretatione</strong></span> <span class='ocrx_word' id='word_1_183' title='bbox 725 3043 764 3090; x_wconf 89' lang='lat' dir='ltr'><strong>ex</strong></span> <span class='ocrx_word' id='word_1_184' title='bbox 786 3019 893 3091; x_wconf 89' lang='lat' dir='ltr'><strong>verbis</strong></span> <span class='ocrx_word' id='word_1_185' title='bbox 919 3019 1112 3092; x_wconf 88' lang='lat' dir='ltr'><strong>eliciendum</strong></span> <span class='ocrx_word' id='word_1_186' title='bbox 1140 3034 1190 3092; x_wconf 88' lang='lat' dir='ltr'><strong>est</strong></span> <span class='ocrx_word' id='word_1_187' title='bbox 1212 3019 1263 3092; x_wconf 90' lang='lat' dir='ltr'><strong>vel</strong></span> 
     </span>
     <span class='ocr_line' id='line_1_24' title="bbox 147 3139 1263 3236; baseline 0.001 -27"><span class='ocrx_word' id='word_1_188' title='bbox 147 3140 415 3236; x_wconf 85' lang='lat' dir='ltr'><strong>repugnantibus.</strong></span> <span class='ocrx_word' id='word_1_189' title='bbox 457 3142 505 3210; x_wconf 80' lang='lat' dir='ltr'><strong>Ac</strong></span> <span class='ocrx_word' id='word_1_190' title='bbox 522 3140 620 3210; x_wconf 85' lang='lat' dir='ltr'><strong>neiis</strong></span> <span class='ocrx_word' id='word_1_191' title='bbox 639 3139 768 3236; x_wconf 88' lang='lat' dir='ltr'><strong>quidem</strong></span> <span class='ocrx_word' id='word_1_192' title='bbox 787 3139 993 3229; x_wconf 72' lang='lat' dir='ltr'><strong>coniecturiS,</strong></span> <span class='ocrx_word' id='word_1_193' title='bbox 1017 3163 1100 3236; x_wconf 89' lang='lat' dir='ltr'><strong>quas</strong></span> <span class='ocrx_word' id='word_1_194' title='bbox 1118 3141 1263 3210; x_wconf 83' lang='lat' dir='ltr'><strong>Cante-</strong></span> 
     </span>
     <span class='ocr_line' id='line_1_25' title="bbox 148 3255 1259 3355; baseline 0.002 -29"><span class='ocrx_word' id='word_1_195' title='bbox 148 3281 214 3329; x_wconf 89' lang='lat' dir='ltr'><strong>rns</strong></span> <span class='ocrx_word' id='word_1_196' title='bbox 234 3259 404 3355; x_wconf 86' lang='lat' dir='ltr'><strong>proposuit</strong></span> <span class='ocrx_word' id='word_1_197' title='bbox 427 3255 548 3350; x_wconf 75' lang='grc' dir='ltr'><em>(τούμὲ</em></span> <span class='ocrx_word' id='word_1_198' title='bbox 565 3257 617 3354; x_wconf 79' lang='grc' dir='ltr'><strong>μὴ</strong></span> <span class='ocrx_word' id='word_1_199' title='bbox 640 3258 784 3350; x_wconf 73' lang='grc' dir='ltr'><em>λιπεῖν)</em></span> <span class='ocrx_word' id='word_1_200' title='bbox 809 3256 859 3328; x_wconf 87' lang='lat' dir='ltr'><strong>vel</strong></span> <span class='ocrx_word' id='word_1_201' title='bbox 877 3256 1037 3336; x_wconf 83' lang='lat' dir='ltr'><strong>Lobeclr.</strong></span> <span class='ocrx_word' id='word_1_202' title='bbox 1058 3257 1099 3328; x_wconf 93' lang='lat' dir='ltr'><strong>ad</strong></span> <span class='ocrx_word' id='word_1_203' title='bbox 1118 3257 1207 3329; x_wconf 84' lang='lat' dir='ltr'><strong>tliac.</strong></span> <span class='ocrx_word' id='word_1_204' title='bbox 1228 3283 1259 3354; x_wconf 91' lang='lat' dir='ltr'><strong>p.</strong></span> 
     </span>
     <span class='ocr_line' id='line_1_26' title="bbox 147 3374 1264 3475; baseline -0.002 -27"><span class='ocrx_word' id='word_1_205' title='bbox 147 3378 232 3448; x_wconf 79' lang='lat'>312.</span> <span class='ocrx_word' id='word_1_206' title='bbox 246 3377 299 3448; x_wconf 89' lang='lat' dir='ltr'><strong>ed.</strong></span> <span class='ocrx_word' id='word_1_207' title='bbox 317 3403 365 3475; x_wconf 85' lang='lat' dir='ltr'><strong>pr.</strong></span> <span class='ocrx_word' id='word_1_208' title='bbox 387 3375 507 3470; x_wconf 75' lang='grc' dir='ltr'><em>(τούμὲ</em></span> <span class='ocrx_word' id='word_1_209' title='bbox 520 3375 784 3472; x_wconf 73' lang='grc' dir='ltr'><em>μὴ’κλιπεῖν),</em></span> <span class='ocrx_word' id='word_1_210' title='bbox 799 3375 849 3448; x_wconf 89' lang='lat' dir='ltr'><strong>vel</strong></span> <span class='ocrx_word' id='word_1_211' title='bbox 862 3376 1124 3448; x_wconf 82' lang='lat' dir='ltr'><strong>Doederlinus</strong></span> <span class='ocrx_word' id='word_1_212' title='bbox 1144 3374 1264 3469; x_wconf 79' lang='grc' dir='ltr'><em>(τούμὲ</em></span> 
     </span>
     <span class='ocr_line' id='line_1_27' title="bbox 142 3491 1261 3591; baseline -0.001 -25"><span class='ocrx_word' id='word_1_213' title='bbox 142 3496 195 3591; x_wconf 82' lang='grc' dir='ltr'><strong>μὴ</strong></span> <span class='ocrx_word' id='word_1_214' title='bbox 205 3495 401 3585; x_wconf 76' lang='grc' dir='ltr'><em>’λλιπεῖν),</em></span> <span class='ocrx_word' id='word_1_215' title='bbox 417 3493 493 3567; x_wconf 90' lang='lat' dir='ltr'><strong>illud</strong></span> <span class='ocrx_word' id='word_1_216' title='bbox 504 3495 595 3587; x_wconf 85' lang='lat' dir='ltr'><strong>quod</strong></span> <span class='ocrx_word' id='word_1_217' title='bbox 610 3493 721 3567; x_wconf 89' lang='lat' dir='ltr'><strong>volunt</strong></span> <span class='ocrx_word' id='word_1_218' title='bbox 734 3493 885 3566; x_wconf 88' lang='lat' dir='ltr'><strong>efficitur:</strong></span> <span class='ocrx_word' id='word_1_219' title='bbox 906 3519 968 3565; x_wconf 94' lang='lat' dir='ltr'><strong>una</strong></span> <span class='ocrx_word' id='word_1_220' title='bbox 983 3491 1149 3591; x_wconf 82' lang='lat' dir='ltr'><strong>Kayseri</strong></span> <span class='ocrx_word' id='word_1_221' title='bbox 1165 3495 1261 3586; x_wconf 76' lang='lat' dir='ltr'><strong>(Aura.</strong></span> 
     </span>
     <span class='ocr_line' id='line_1_28' title="bbox 143 3609 1264 3711; baseline -0.001 -25"><span class='ocrx_word' id='word_1_222' title='bbox 143 3618 223 3708; x_wconf 73' lang='lat' dir='ltr'><strong>pttt.</strong></span> <span class='ocrx_word' id='word_1_223' title='bbox 244 3631 274 3686; x_wconf 83' lang='lat' dir='ltr'><strong>et</strong></span> <span class='ocrx_word' id='word_1_224' title='bbox 287 3615 466 3708; x_wconf 85' lang='lat' dir='ltr'><strong>pued.Vol.</strong></span> <span class='ocrx_word' id='word_1_225' title='bbox 483 3615 541 3686; x_wconf 87' lang='grc'><strong>69.</strong></span> <span class='ocrx_word' id='word_1_226' title='bbox 563 3640 595 3711; x_wconf 95' lang='lat' dir='ltr'><strong>p.</strong></span> <span class='ocrx_word' id='word_1_227' title='bbox 611 3611 716 3704; x_wconf 84' lang='lat'>508):</span> <span class='ocrx_word' id='word_1_228' title='bbox 740 3611 819 3706; x_wconf 83' lang='grc' dir='ltr'><em>ἐμοὶ</em></span> <span class='ocrx_word' id='word_1_229' title='bbox 841 3614 908 3708; x_wconf 72' lang='grc' dir='ltr'><strong>γὰρ</strong></span> <span class='ocrx_word' id='word_1_230' title='bbox 932 3609 1023 3684; x_wconf 84' lang='grc' dir='ltr'><em>ἔατω</em></span> <span class='ocrx_word' id='word_1_231' title='bbox 1042 3613 1100 3708; x_wconf 79' lang='grc' dir='ltr'><strong>μὴ</strong></span> <span class='ocrx_word' id='word_1_232' title='bbox 1123 3614 1264 3685; x_wconf 84' lang='grc' dir='ltr'><em>λυπεῖν</em></span> 
     </span>
     <span class='ocr_line' id='line_1_29' title="bbox 147 3731 1265 3827; baseline 0 -23"><span class='ocrx_word' id='word_1_233' title='bbox 147 3732 312 3826; x_wconf 82' lang='grc' dir='ltr'><em>πατέρα</em></span> <span class='ocrx_word' id='word_1_234' title='bbox 323 3733 429 3825; x_wconf 75' lang='grc' dir='ltr'><em>μόνον</em></span> <span class='ocrx_word' id='word_1_235' title='bbox 438 3735 479 3806; x_wconf 89' lang='lat' dir='ltr'><strong>ad</strong></span> <span class='ocrx_word' id='word_1_236' title='bbox 493 3731 580 3807; x_wconf 88' lang='lat' dir='ltr'><strong>illum</strong></span> <span class='ocrx_word' id='word_1_237' title='bbox 595 3733 787 3805; x_wconf 88' lang='lat' dir='ltr'><strong>sententiam</strong></span> <span class='ocrx_word' id='word_1_238' title='bbox 801 3747 891 3806; x_wconf 80' lang='lat' dir='ltr'><strong>esset</strong></span> <span class='ocrx_word' id='word_1_239' title='bbox 904 3733 1158 3827; x_wconf 82' lang='lat' dir='ltr'><strong>accommodata,</strong></span> <span class='ocrx_word' id='word_1_240' title='bbox 1167 3733 1265 3804; x_wconf 91' lang='lat' dir='ltr'><strong>modo</strong></span> 
     </span>
     <span class='ocr_line' id='line_1_30' title="bbox 146 3847 1265 3931; baseline -0.002 -8"><span class='ocrx_word' id='word_1_241' title='bbox 146 3853 223 3923; x_wconf 91' lang='lat' dir='ltr'><strong>vitio</strong></span> <span class='ocrx_word' id='word_1_242' title='bbox 247 3863 374 3924; x_wconf 86' lang='lat' dir='ltr'><strong>careret</strong></span> <span class='ocrx_word' id='word_1_243' title='bbox 390 3853 525 3926; x_wconf 87' lang='lat' dir='ltr'><strong>metrico</strong></span> <span class='ocrx_word' id='word_1_244' title='bbox 549 3864 581 3924; x_wconf 93' lang='lat' dir='ltr'><strong>et</strong></span> <span class='ocrx_word' id='word_1_245' title='bbox 606 3852 760 3924; x_wconf 77' lang='lat' dir='ltr'><strong>mercuria</strong></span> <span class='ocrx_word' id='word_1_246' title='bbox 786 3851 939 3924; x_wconf 93' lang='lat' dir='ltr'><strong>librorum</strong></span> <span class='ocrx_word' id='word_1_247' title='bbox 967 3847 1088 3924; x_wconf 83' lang='lat' dir='ltr'><strong>lirmiirs</strong></span> <span class='ocrx_word' id='word_1_248' title='bbox 1107 3851 1265 3931; x_wconf 86' lang='lat' dir='ltr'><strong>stabilire-</strong></span> 
     </span>
     <span class='ocr_line' id='line_1_31' title="bbox 148 3969 1266 4068; baseline -0.002 -26"><span class='ocrx_word' id='word_1_249' title='bbox 148 3985 210 4060; x_wconf 87' lang='lat' dir='ltr'><strong>tur,</strong></span> <span class='ocrx_word' id='word_1_250' title='bbox 233 3971 266 4042; x_wconf 92' lang='lat' dir='ltr'><strong>id</strong></span> <span class='ocrx_word' id='word_1_251' title='bbox 290 3970 377 4068; x_wconf 85' lang='lat' dir='ltr'><strong>quod</strong></span> <span class='ocrx_word' id='word_1_252' title='bbox 401 3995 464 4043; x_wconf 91' lang='lat' dir='ltr'><strong>non</strong></span> <span class='ocrx_word' id='word_1_253' title='bbox 489 3984 548 4044; x_wconf 88' lang='lat' dir='ltr'><strong>est.</strong></span> <span class='ocrx_word' id='word_1_254' title='bbox 586 3971 682 4056; x_wconf 85' lang='lat' dir='ltr'><strong>Quod</strong></span> <span class='ocrx_word' id='word_1_255' title='bbox 704 3971 736 4040; x_wconf 89' lang='lat' dir='ltr'><strong>in</strong></span> <span class='ocrx_word' id='word_1_256' title='bbox 754 3969 901 4042; x_wconf 89' lang='lat' dir='ltr'><strong>Palatino</strong></span> <span class='ocrx_word' id='word_1_257' title='bbox 927 3971 1012 4042; x_wconf 89' lang='lat' dir='ltr'><strong>enim</strong></span> <span class='ocrx_word' id='word_1_258' title='bbox 1035 3971 1191 4067; x_wconf 87' lang='lat' dir='ltr'><strong>scriptum</strong></span> <span class='ocrx_word' id='word_1_259' title='bbox 1210 3993 1266 4041; x_wconf 88' lang='lat' dir='ltr'><strong>ex·</strong></span> 
     </span>
     <span class='ocr_line' id='line_1_32' title="bbox 149 4087 1266 4186; baseline -0.004 -24"><span class='ocrx_word' id='word_1_260' title='bbox 149 4104 227 4162; x_wconf 86' lang='lat' dir='ltr'><strong>stat:</strong></span> <span class='ocrx_word' id='word_1_261' title='bbox 250 4089 356 4182; x_wconf 81' lang='grc' dir='ltr'><strong>τούμὲ</strong></span> <span class='ocrx_word' id='word_1_262' title='bbox 375 4090 426 4186; x_wconf 79' lang='grc' dir='ltr'><strong>μὴ</strong></span> <span class='ocrx_word' id='word_1_263' title='bbox 449 4091 564 4161; x_wconf 83' lang='grc' dir='ltr'><em>λυπεῖν</em></span> <span class='ocrx_word' id='word_1_264' title='bbox 588 4089 645 4162; x_wconf 81' lang='grc' dir='ltr'><strong>τὸν</strong></span> <span class='ocrx_word' id='word_1_265' title='bbox 666 4087 805 4182; x_wconf 80' lang='grc' dir='ltr'><em>πατέρα</em></span> <span class='ocrx_word' id='word_1_266' title='bbox 824 4089 943 4180; x_wconf 86' lang='grc' dir='ltr'><em>μόνον,</em></span> <span class='ocrx_word' id='word_1_267' title='bbox 967 4089 1145 4186; x_wconf 80' lang='lat' dir='ltr'><strong>profectum</strong></span> <span class='ocrx_word' id='word_1_268' title='bbox 1164 4087 1266 4160; x_wconf 89' lang='lat' dir='ltr'><strong>meni·</strong></span> 
     </span>
     <span class='ocr_line' id='line_1_33' title="bbox 148 4207 1268 4304; baseline -0.003 -24"><span class='ocrx_word' id='word_1_269' title='bbox 148 4209 233 4282; x_wconf 81' lang='lat' dir='ltr'><strong>festo</strong></span> <span class='ocrx_word' id='word_1_270' title='bbox 252 4223 359 4281; x_wconf 90' lang='lat' dir='ltr'><strong>estex</strong></span> <span class='ocrx_word' id='word_1_271' title='bbox 378 4209 492 4281; x_wconf 88' lang='lat' dir='ltr'><strong>studiis</strong></span> <span class='ocrx_word' id='word_1_272' title='bbox 515 4209 632 4280; x_wconf 87' lang='lat' dir='ltr'><strong>veteris</strong></span> <span class='ocrx_word' id='word_1_273' title='bbox 650 4207 786 4279; x_wconf 88' lang='lat' dir='ltr'><strong>alicuius</strong></span> <span class='ocrx_word' id='word_1_274' title='bbox 805 4209 1017 4304; x_wconf 82' lang='lat' dir='ltr'><strong>grammatici,</strong></span> <span class='ocrx_word' id='word_1_275' title='bbox 1040 4207 1179 4280; x_wconf 88' lang='lat' dir='ltr'><strong>obseura</strong></span> <span class='ocrx_word' id='word_1_276' title='bbox 1202 4207 1268 4278; x_wconf 88' lang='lat' dir='ltr'><strong>soi·</strong></span> 
     </span>
     <span class='ocr_line' id='line_1_34' title="bbox 149 4323 1307 4423; baseline -0.004 -24"><span class='ocrx_word' id='word_1_277' title='bbox 149 4328 228 4401; x_wconf 87' lang='lat' dir='ltr'><strong>licet</strong></span> <span class='ocrx_word' id='word_1_278' title='bbox 241 4327 438 4400; x_wconf 85' lang='lat' dir='ltr'><strong>illustreturi.</strong></span> <span class='ocrx_word' id='word_1_279' title='bbox 468 4329 660 4400; x_wconf 87' lang='lat' dir='ltr'><strong>Pervorsum</strong></span> <span class='ocrx_word' id='word_1_280' title='bbox 675 4351 752 4398; x_wconf 90' lang='lat' dir='ltr'><strong>vero</strong></span> <span class='ocrx_word' id='word_1_281' title='bbox 770 4339 832 4417; x_wconf 82' lang='lat' dir='ltr'><strong>eat,</strong></span> <span class='ocrx_word' id='word_1_282' title='bbox 845 4326 934 4422; x_wconf 89' lang='lat' dir='ltr'><strong>quod</strong></span> <span class='ocrx_word' id='word_1_283' title='bbox 947 4323 1147 4423; x_wconf 86' lang='lat' dir='ltr'><strong>Schuppio</strong></span> <span class='ocrx_word' id='word_1_284' title='bbox 1165 4349 1268 4422; x_wconf 90' lang='lat' dir='ltr'><strong>nuper</strong></span> <span class='ocrx_word' id='word_1_285' title='bbox 1303 4369 1307 4378; x_wconf 91' lang='lat'><em>·</em></span> 
     </span>
    </p>
   </div>
   <div class='ocr_carea' id='block_1_3' title="bbox 0 0 1475 4820">
    <p class='ocr_par' dir='ltr' id='par_1_4' title="bbox 0 0 1475 4820">
     <span class='ocr_line' id='line_1_35' title="bbox 0 0 1475 4820; baseline 0 0"><span class='ocrx_word' id='word_1_286' title='bbox 0 0 1475 4820; x_wconf 95' lang='lat' dir='ltr'><strong> </strong></span> 
     </span>
    </p>
   </div>
  </div>
 </body>
</html>
