2900 4834
1182 315 1248 386 111

132 549 240 626 eante,
264 549 331 612 turn
353 559 393 608 ex
416 535 489 632 ipsa
512 533 710 630 intellegitur
732 534 885 632 impedita
906 533 1135 607 Hermanni
1154 534 1254 608 iruer-

131 651 330 750 pretatione:
358 657 490 746 ,spurtus
514 677 583 722 rum
610 653 670 739 det,
696 655 729 722 si
750 654 791 722 id
816 653 1026 744 quasivero
1049 655 1254 744 estpctris

130 789 342 866 spectatur,
361 797 449 844 cure
466 775 507 843 in
524 775 666 842 alendo
683 775 959 864 educandoque
974 773 1064 864 filie
1076 752 1254 863 positast

131 891 324 988 quasivero
343 890 453 962 verbis
473 887 610 980 πατρὸς
630 887 749 960 ον’σίαν
771 887 865 981 λέγω
888 889 970 959 haec
994 887 1100 958 omnia
1125 889 1254 984 possint
1353 981 1357 988 ι

22 1037 31 1048 -
132 1007 302 1078 contineri.
338 1006 452 1103 Neque
472 1005 734 1099 ἐγενόμεσθα
752 1033 781 1076 ν.
800 1009 897 1078 1288
917 1006 991 1092 vitiu
1016 1019 1114 1096 caret,
1138 1007 1255 1103 quoni·

131 1149 184 1196 ern
202 1138 235 1196 et
253 1148 326 1196 cunr
346 1125 400 1215 iis,
421 1149 507 1221 quae
524 1125 647 1195 Creusa
671 1123 768 1194 modo
790 1123 879 1216 dixit,
901 1136 1023 1219 pugnat
1042 1147 1104 1194 nec
1122 1113 1201 1198 cum'
1213 1124 1253 1195 iis

131 1243 284 1339 congruit
301 1267 385 1340 quae
403 1243 519 1314 cadem
537 1242 730 1337 respondet:
748 1237 872 1311 οὔκουν
886 1240 958 1310 τότ’
969 1239 1078 1336 ἦσθα,
1093 1241 1116 1311 i.
1131 1267 1159 1312 e.
1176 1264 1252 1334 cryc

133 1377 201 1431 tum
222 1385 288 1431 nce
311 1383 392 1448 erue,
415 1360 501 1430 unde
525 1372 671 1456 apparet,
694 1358 802 1429 lenem
821 1357 1039 1446 condixisse,
1066 1360 1253 1455 sequidem

132 1478 259 1549 tuisse
274 1477 432 1574 Apoltinis
446 1477 497 1550 vei
517 1478 660 1548 iactum
677 1501 764 1564 esse,
783 1475 844 1547 sed
862 1476 930 1546 fere
948 1476 1154 1549 contrarium.
1184 1477 1254 1548 Nec

132 1595 309 1667 subvenies
326 1596 518 1685 sententiae,
531 1593 558 1666 si
578 1593 703 1665 οθκοῦν
721 1593 904 1691 scripseris
934 1593 1080 1690 Denique
1093 1621 1122 1664 v.
1141 1595 1254 1666 1289:
1289 1604 1293 1612 '

132 1711 180 1784 σὺ
199 1713 233 1783 θ’
250 1711 384 1796 οὐκέτ’,
402 1711 453 1802 εἰ,
473 1703 743 1784 antecedentibus
760 1710 886 1782 οὔκουν
902 1709 971 1782 τότ’
988 1709 1104 1806 ἦσθα,1
1117 1712 1159 1783 ita
1177 1737 1255 1810 per·

131 1853 232 1902 versa
248 1844 324 1902 sunt
335 1843 436 1928 atque
447 1831 601 1916 absurda,
619 1841 655 1901 ut
667 1830 767 1902 verbo
779 1829 859 1900 satis
874 1829 916 1900 sit
930 1829 1128 1926 significare,
1150 1855 1255 1926 quan·

132 1961 250 2044 tepere
272 1949 464 2020 claudicent.
501 1950 571 2022 Nec
593 1949 678 2019 iuvat
702 1971 894 2020 enumerare
920 1971 960 2018 ac
983 1947 1142 2037 refellere,
1168 1973 1253 2044 quae

134 2067 371 2138 emendationis
393 2066 469 2138 decc
490 2093 509 2138 a
533 2066 638 2137 doctis
656 2065 736 2136 viris
755 2065 863 2136 adhuc
885 2047 1158 2160 proposita'sunt.
1191 2067 1253 2138 Ne·

135 2184 210 2253 rnini
229 2183 316 2255 enirn
333 2184 478 2281 contigit,
497 2197 532 2255 ut
548 2195 730 2254 removeret
747 2177 964 2273 difficultates,
981 2207 1063 2278 quas
1082 2208 1182 2278 pesse
1200 2210 1254 2282 re·
1320 2173 1322 2176 ⁵
1394 2164 1396 2168 ¹

135 2302 254 2373 moveri
286 2326 350 2373 nun
381 2303 523 2396 despero
552 2288 713 2398 equidem.
768 2299 815 2370 Ac
851 2300 989 2397 primurn
1026 2301 1155 2397 quidem
1193 2327 1253 2400 pru

256 2419 474 2513 ἐγενόμεσθα
493 2419 702 2494 scribendum
720 2441 795 2490 esse
815 2417 1124 2512 ἐλεγόμεοθα,

133 2551 225 2634 patet
242 2563 314 2609 curn
333 2563 372 2608 ex
390 2538 441 2627 iis,
456 2563 540 2633 quae
553 2536 608 2608 lon
627 2537 699 2633 ipse
719 2536 837 2607 dieitv.
857 2537 927 2607 136
943 2563 1032 2633 sqq.:
1054 2537 1181 2635 Φοῖβός
1193 2563 1254 2630 μοι

134 2653 289 2749 γενέτωρ
306 2657 440 2750 πατήρ·
460 2655 522 2726 τὸν
533 2653 706 2751 βόσκοντα
725 2653 795 2745 γὰρ
812 2651 958 2746 εὐλογῶ,
973 2654 1013 2724 τὸ
1030 2655 1063 2724 θ’
1079 2655 1254 2749 ὠφέλιμον
1364 2747 1365 2751 ¹

27 2775 29 2780 ’
135 2771 214 2864 ἐμοὶ
231 2773 387 2864 πατέρος
402 2771 510 2864 ὄνομα
526 2771 632 2864 λέγω,
646 2769 771 2867 Φοῖβον
789 2769 845 2840 τὸν
862 2771 952 2841 κατὰ
971 2771 1064 2859 ναόν,
1079 2786 1110 2844 et
1125 2799 1153 2843 v.
1170 2773 1254 2843 311:

134 2889 258 2970 Λοξίου
281 2892 541 2986 κεκλήμεθα,
566 2903 631 2960 turn
656 2913 695 2960 ex
713 2887 821 2962 verbis
845 2889 978 2984 Pythiae
998 2917 1025 2960 v.
1046 2891 1158 2962 1325:
1177 2890 1252 2960 ἀλλ’

12 3109 14 3114 Ι
136 3005 198 3080 οὖν
221 3008 480 3102 ἐλεγόμεοθ,
504 3020 537 3079 et
554 3009 697 3078 Creusae
715 3033 743 3076 v,
763 3007 874 3078 1541:
903 3011 973 3077 τοῦ
996 3011 1100 3078 θεοῦ
1123 3008 1166 3079 δὲ
1187 3010 1253 3079 λε·

135 3125 312 3218 γθμενος
324 3125 387 3198 οὐκ
401 3123 506 3222 ἔσχες
516 3125 559 3197 ἄν
573 3125 650 3198 ποτἱ
661 3124 743 3196 οὔτε
756 3125 982 3219 παγκλήρους
991 3127 1123 3218 θθμους
1133 3128 1200 3197 κτλ.
1220 3167 1254 3180 -

136 3245 245 3316 Habes
260 3245 449 3338 oraticnem,
464 3245 514 3316 cui
533 3244 667 3342 egregie
685 3243 856 3315 conveniat
873 3245 960 3340 quod
975 3245 1096 3316 Creusa
1116 3269 1255 3340 respun-

137 3363 195 3434 det
209 3390 237 3434 v.
257 3363 367 3434 1289:
386 3362 511 3434 οὔκουν
529 3361 598 3432 τότ’
615 3361 736 3456 ἦσθα.

213 3478 280 3552 Sed
299 3481 392 3552 venio
411 3481 453 3551 ad
471 3479 609 3552 maiora:
632 3476 792 3570 πατρὸς
805 3477 839 3548 θ’
856 3477 1144 3573 οὐσίανλέγτο,
1169 3503 1255 3577 quae

136 3609 170 3670 ut
187 3598 276 3670 brevi
293 3595 490 3695 praecidam,
509 3597 558 3668 sic
576 3597 778 3668 emendanda
797 3598 898 3670 dnec:

390 3714 570 3810 πατέρα
595 3714 628 3784 d’
649 3713 711 3795 ὣς
733 3711 832 3784 ἴσον
858 3713 999 3806 νέμον,

136 3833 168 3906 h.
189 3859 219 3906 e.
236 3837 380 3926 parentis
402 3849 507 3904 cutem
530 3835 599 3903 loeo
623 3835 736 3919 tabeo,
763 3857 848 3928 quae
874 3857 972 3929 quarn
998 3833 1196 3906 cohaereant
1223 3847 1255 3906 et

136 3975 210 4022 curn
228 3951 452 4048 superioribus
470 3964 591 4028 etcum
611 3950 651 4020 iis
670 3975 755 4046 quae
768 3951 896 4021 Creusa
909 3964 1050 4048 regerat,
1073 3973 1169 4024 neruo
1190 3975 1255 4022 non

137 4056 233 4140 videt.
281 4071 326 4147 [la
345 4069 427 4166 ipsis
445 4082 551 4140 autern
571 4067 678 4138 verbis
697 4069 737 4138 ef.
754 4093 782 4136 v.
802 4067 915 4140 1363:
937 4067 1033 4140 ἴσον
1056 4070 1126 4162 γάρ
1148 4069 1180 4138 α’
1198 4073 1259 4150 ὡς

136 4186 313 4276 τεκοῦσ’
334 4186 540 4279 ἀσπάζομαι.
570 4187 653 4258 321:
675 4183 803 4282 Φοίβου
821 4193 1002 4284 προφῆτις,
1020 4185 1180 4283 μητέρ’
1197 4186 1259 4268 ὣς
1367 4245 1371 4253 .

12 4349 14 4356 ι
138 4304 390 4396 νομίζομεν.
425 4305 647 4376 Oresteae:
679 4301 735 4372 τὸν
766 4303 799 4372 θ’
828 4304 929 4374 ὥστ’
956 4304 1151 4398 ἀδελφὸν
1182 4301 1255 4374 ἴσα
