<?xml version="1.0" encoding="UTF-8"?>
<!DOCTYPE html PUBLIC "-//W3C//DTD XHTML 1.0 Transitional//EN"
    "http://www.w3.org/TR/xhtml1/DTD/xhtml1-transitional.dtd">
<html xmlns="http://www.w3.org/1999/xhtml" xml:lang="en" lang="en">
 <head>
  <title>
</title>
<meta http-equiv="Content-Type" content="text/html;charset=utf-8" />
  <meta name='ocr-system' content='tesseract 3.04.00' />
  <meta name='ocr-capabilities' content='ocr_page ocr_carea ocr_par ocr_line ocrx_word'/>
</head>
<body>
  <div class='ocr_page' id='page_1' title='image "./analectasophocl00schmgoog_0143.png"; bbox 0 0 2900 4834; ppageno 0'>
   <div class='ocr_carea' id='block_1_1' title="bbox 173 255 241 324">
    <p class='ocr_par' dir='ltr' id='par_1_1' title="bbox 173 255 241 324">
     <span class='ocr_line' id='line_1_1' title="bbox 173 255 241 324; baseline 0.015 -1"><span class='ocrx_word' id='word_1_1' title='bbox 173 255 241 324; x_wconf 80' lang='lat'><strong>132</strong></span> 
     </span>
    </p>
   </div>
   <div class='ocr_carea' id='block_1_2' title="bbox 169 468 1299 1864">
    <p class='ocr_par' dir='ltr' id='par_1_2' title="bbox 169 468 1299 1864">
     <span class='ocr_line' id='line_1_2' title="bbox 346 468 1085 566; baseline 0.003 -26"><span class='ocrx_word' id='word_1_2' title='bbox 346 470 480 542; x_wconf 77' lang='grc' dir='ltr'><em>παίδων</em></span> <span class='ocrx_word' id='word_1_3' title='bbox 498 475 663 563; x_wconf 91' lang='grc' dir='ltr'><em>νεογνῶν</em></span> <span class='ocrx_word' id='word_1_4' title='bbox 681 469 720 541; x_wconf 81' lang='grc' dir='ltr'><strong>ἐν</strong></span> <span class='ocrx_word' id='word_1_5' title='bbox 736 470 859 562; x_wconf 83' lang='grc' dir='ltr'><em>δίμοις</em></span> <span class='ocrx_word' id='word_1_6' title='bbox 873 468 956 541; x_wconf 84' lang='grc' dir='ltr'><em>ίδεῖν</em></span> <span class='ocrx_word' id='word_1_7' title='bbox 970 471 1085 566; x_wconf 79' lang='grc' dir='ltr'><em>φάος.</em></span> 
     </span>
     <span class='ocr_line' id='line_1_3' title="bbox 169 571 1296 684; baseline -0.001 -24"><span class='ocrx_word' id='word_1_8' title='bbox 169 587 281 660; x_wconf 80' lang='lat' dir='ltr'><strong>Mirum</strong></span> <span class='ocrx_word' id='word_1_9' title='bbox 298 602 359 678; x_wconf 68' lang='lat' dir='ltr'><strong>est,</strong></span> <span class='ocrx_word' id='word_1_10' title='bbox 372 589 403 658; x_wconf 89' lang='lat' dir='ltr'><strong>in</strong></span> <span class='ocrx_word' id='word_1_11' title='bbox 417 571 568 659; x_wconf 84' lang='lat' dir='ltr'><strong>extremis</strong></span> <span class='ocrx_word' id='word_1_12' title='bbox 579 587 673 658; x_wconf 87' lang='lat' dir='ltr'><strong>huius</strong></span> <span class='ocrx_word' id='word_1_13' title='bbox 684 587 976 684; x_wconf 78' lang='lat' dir='ltr'><strong>fragmentiverbis</strong></span> <span class='ocrx_word' id='word_1_14' title='bbox 987 588 1063 672; x_wconf 85' lang='lat' dir='ltr'>nihil</span> <span class='ocrx_word' id='word_1_15' title='bbox 1073 588 1181 660; x_wconf 85' lang='lat' dir='ltr'><strong>adhuc</strong></span> <span class='ocrx_word' id='word_1_16' title='bbox 1190 589 1296 660; x_wconf 80' lang='lat' dir='ltr'><strong>effen-</strong></span> 
     </span>
     <span class='ocr_line' id='line_1_4' title="bbox 169 705 1293 803; baseline 0.001 -26"><span class='ocrx_word' id='word_1_17' title='bbox 169 731 338 798; x_wconf 82' lang='lat' dir='ltr'><strong>sumesse,</strong></span> <span class='ocrx_word' id='word_1_18' title='bbox 355 731 429 778; x_wconf 85' lang='lat' dir='ltr'><strong>eum</strong></span> <span class='ocrx_word' id='word_1_19' title='bbox 445 705 587 778; x_wconf 86' lang='lat' dir='ltr'><strong>habeant</strong></span> <span class='ocrx_word' id='word_1_20' title='bbox 602 729 683 778; x_wconf 89' lang='lat' dir='ltr'><strong>saue</strong></span> <span class='ocrx_word' id='word_1_21' title='bbox 700 706 788 802; x_wconf 91' lang='lat' dir='ltr'><strong>quod</strong></span> <span class='ocrx_word' id='word_1_22' title='bbox 807 731 871 778; x_wconf 91' lang='lat' dir='ltr'><strong>uon</strong></span> <span class='ocrx_word' id='word_1_23' title='bbox 889 705 1097 778; x_wconf 76' lang='lat' dir='ltr'>mediocriter</span> <span class='ocrx_word' id='word_1_24' title='bbox 1108 705 1293 803; x_wconf 81' lang='lat' dir='ltr'><strong>displiceat.</strong></span> 
     </span>
     <span class='ocr_line' id='line_1_5' title="bbox 169 823 1295 922; baseline 0.002 -28"><span class='ocrx_word' id='word_1_25' title='bbox 169 825 372 922; x_wconf 83' lang='lat' dir='ltr'><strong>Quamquam</strong></span> <span class='ocrx_word' id='word_1_26' title='bbox 384 824 469 895; x_wconf 89' lang='lat' dir='ltr'><strong>enim</strong></span> <span class='ocrx_word' id='word_1_27' title='bbox 484 837 556 896; x_wconf 87' lang='lat' dir='ltr'><strong>ortu</strong></span> <span class='ocrx_word' id='word_1_28' title='bbox 571 823 743 896; x_wconf 86' lang='lat' dir='ltr'><strong>liberorum</strong></span> <span class='ocrx_word' id='word_1_29' title='bbox 762 823 886 896; x_wconf 82' lang='lat' dir='ltr'><strong>iucem</strong></span> <span class='ocrx_word' id='word_1_30' title='bbox 907 823 1047 896; x_wconf 80' lang='lat' dir='ltr'><strong>familiae</strong></span> <span class='ocrx_word' id='word_1_31' title='bbox 1065 824 1185 895; x_wconf 86' lang='lat' dir='ltr'><strong>aboriri</strong></span> <span class='ocrx_word' id='word_1_32' title='bbox 1203 838 1295 896; x_wconf 88' lang='lat' dir='ltr'><strong>recte</strong></span> 
     </span>
     <span class='ocr_line' id='line_1_6' title="bbox 171 939 1295 1040; baseline 0.001 -29"><span class='ocrx_word' id='word_1_33' title='bbox 171 940 300 1032; x_wconf 84' lang='lat' dir='ltr'><strong>dicitur,</strong></span> <span class='ocrx_word' id='word_1_34' title='bbox 311 943 503 1040; x_wconf 88' lang='lat' dir='ltr'><strong>praesertim</strong></span> <span class='ocrx_word' id='word_1_35' title='bbox 516 966 588 1014; x_wconf 87' lang='lat' dir='ltr'><strong>eum</strong></span> <span class='ocrx_word' id='word_1_36' title='bbox 604 941 667 1012; x_wconf 86' lang='lat' dir='ltr'><strong>iux</strong></span> <span class='ocrx_word' id='word_1_37' title='bbox 681 954 850 1039; x_wconf 87' lang='lat' dir='ltr'><strong>parentum</strong></span> <span class='ocrx_word' id='word_1_38' title='bbox 863 940 956 1033; x_wconf 82' lang='lat' dir='ltr'><strong>tiberi</strong></span> <span class='ocrx_word' id='word_1_39' title='bbox 966 939 1295 1040; x_wconf 85' lang='lat' dir='ltr'><strong>saepeappeilentur,</strong></span> 
     </span>
     <span class='ocr_line' id='line_1_7' title="bbox 171 1047 1293 1156; baseline 0.001 -27"><span class='ocrx_word' id='word_1_40' title='bbox 171 1059 441 1132; x_wconf 70' lang='grc' dir='ltr'><strong>οῑΙοολιλθδεῶ</strong></span> <span class='ocrx_word' id='word_1_41' title='bbox 461 1058 662 1148; x_wconf 83' lang='grc' dir='ltr'><em>τέκνον,ὦ</em></span> <span class='ocrx_word' id='word_1_42' title='bbox 676 1065 766 1154; x_wconf 87' lang='grc' dir='ltr'><strong>φῶς</strong></span> <span class='ocrx_word' id='word_1_43' title='bbox 777 1047 884 1156; x_wconf 70' lang='grc' dir='ltr'><em>μηπμὶ</em></span> <span class='ocrx_word' id='word_1_44' title='bbox 896 1061 1055 1151; x_wconf 83' lang='grc' dir='ltr'><em>κρεῖσσον</em></span> <span class='ocrx_word' id='word_1_45' title='bbox 1068 1056 1177 1153; x_wconf 79' lang='grc' dir='ltr'><em>ἡλίου.</em></span> <span class='ocrx_word' id='word_1_46' title='bbox 1191 1059 1293 1130; x_wconf 84' lang='lat' dir='ltr'><strong>Andr.</strong></span> 
     </span>
     <span class='ocr_line' id='line_1_8' title="bbox 171 1175 1293 1274; baseline 0.001 -26"><span class='ocrx_word' id='word_1_47' title='bbox 171 1177 260 1249; x_wconf 82' lang='lat'>406:</span> <span class='ocrx_word' id='word_1_48' title='bbox 275 1175 326 1258; x_wconf 85' lang='grc' dir='ltr'><strong>είς</strong></span> <span class='ocrx_word' id='word_1_49' title='bbox 341 1179 440 1257; x_wconf 83' lang='grc' dir='ltr'><em>παῖς</em></span> <span class='ocrx_word' id='word_1_50' title='bbox 454 1175 508 1248; x_wconf 76' lang='grc' dir='ltr'><strong>ὅδ’</strong></span> <span class='ocrx_word' id='word_1_51' title='bbox 524 1175 568 1273; x_wconf 81' lang='grc' dir='ltr'><strong>ἦν</strong></span> <span class='ocrx_word' id='word_1_52' title='bbox 577 1199 640 1270; x_wconf 89' lang='grc' dir='ltr'><strong>μοι</strong></span> <span class='ocrx_word' id='word_1_53' title='bbox 651 1178 773 1259; x_wconf 81' lang='grc' dir='ltr'><em>λοιπὸς</em></span> <span class='ocrx_word' id='word_1_54' title='bbox 788 1175 1008 1272; x_wconf 80' lang='grc' dir='ltr'><em>ὀφθαλμὸς</em></span> <span class='ocrx_word' id='word_1_55' title='bbox 1021 1175 1129 1274; x_wconf 81' lang='grc' dir='ltr'><em>βίον.</em></span> <span class='ocrx_word' id='word_1_56' title='bbox 1151 1176 1293 1250; x_wconf 89' lang='lat' dir='ltr'><strong>Theuer.</strong></span> 
     </span>
     <span class='ocr_line' id='line_1_9' title="bbox 169 1292 1296 1391; baseline 0.004 -27"><span class='ocrx_word' id='word_1_57' title='bbox 169 1294 214 1364; x_wconf 91' lang='lat' dir='ltr'><strong>ld.</strong></span> <span class='ocrx_word' id='word_1_58' title='bbox 229 1294 408 1390; x_wconf 56' lang='lat' dir='ltr'><strong>ameum</strong></span> <span class='ocrx_word' id='word_1_59' title='bbox 420 1293 463 1365; x_wconf 81' lang='grc' dir='ltr'><strong>δέ</strong></span> <span class='ocrx_word' id='word_1_60' title='bbox 476 1294 581 1390; x_wconf 79' lang='grc' dir='ltr'><em>τένῃς</em></span> <span class='ocrx_word' id='word_1_61' title='bbox 591 1295 671 1391; x_wconf 85' lang='grc' dir='ltr'><em>φίλα</em></span> <span class='ocrx_word' id='word_1_62' title='bbox 686 1294 801 1382; x_wconf 81' lang='grc' dir='ltr'><em>τέκνα,</em></span> <span class='ocrx_word' id='word_1_63' title='bbox 822 1292 917 1366; x_wconf 92' lang='grc' dir='ltr'><em>νέον</em></span> <span class='ocrx_word' id='word_1_64' title='bbox 934 1294 1046 1389; x_wconf 79' lang='grc' dir='ltr'><em>φάος</em></span> <span class='ocrx_word' id='word_1_65' title='bbox 1062 1293 1169 1391; x_wconf 75' lang='grc' dir='ltr'><em>ὄψεαι</em></span> <span class='ocrx_word' id='word_1_66' title='bbox 1187 1292 1296 1377; x_wconf 66' lang='lat' dir='ltr'><strong>uiae:</strong></span> 
     </span>
     <span class='ocr_line' id='line_1_10' title="bbox 169 1410 1299 1508; baseline 0.004 -27"><span class='ocrx_word' id='word_1_67' title='bbox 169 1412 500 1484; x_wconf 78' lang='lat' dir='ltr'><strong>inesttameuiuiliis:</strong></span> <span class='ocrx_word' id='word_1_68' title='bbox 515 1413 674 1484; x_wconf 89' lang='grc' dir='ltr'><em>παίδων</em></span> <span class='ocrx_word' id='word_1_69' title='bbox 693 1418 873 1507; x_wconf 87' lang='grc' dir='ltr'><em>νεογνῶν</em></span> <span class='ocrx_word' id='word_1_70' title='bbox 891 1410 931 1483; x_wconf 82' lang='grc' dir='ltr'><strong>ἐν</strong></span> <span class='ocrx_word' id='word_1_71' title='bbox 949 1411 1070 1506; x_wconf 79' lang='grc' dir='ltr'><em>δόμοις</em></span> <span class='ocrx_word' id='word_1_72' title='bbox 1086 1410 1166 1484; x_wconf 84' lang='grc' dir='ltr'><strong>ἰδεῖν</strong></span> <span class='ocrx_word' id='word_1_73' title='bbox 1186 1414 1299 1508; x_wconf 83' lang='grc' dir='ltr'><strong>φάος</strong></span> 
     </span>
     <span class='ocr_line' id='line_1_11' title="bbox 169 1528 1295 1629; baseline 0.002 -29"><span class='ocrx_word' id='word_1_74' title='bbox 169 1528 291 1627; x_wconf 87' lang='lat' dir='ltr'><strong>aliquid</strong></span> <span class='ocrx_word' id='word_1_75' title='bbox 306 1530 416 1628; x_wconf 89' lang='lat' dir='ltr'><strong>inepti,</strong></span> <span class='ocrx_word' id='word_1_76' title='bbox 430 1531 465 1602; x_wconf 92' lang='lat' dir='ltr'><strong>id</strong></span> <span class='ocrx_word' id='word_1_77' title='bbox 479 1532 566 1629; x_wconf 91' lang='lat' dir='ltr'><strong>quud</strong></span> <span class='ocrx_word' id='word_1_78' title='bbox 582 1557 645 1604; x_wconf 90' lang='lat' dir='ltr'><strong>non</strong></span> <span class='ocrx_word' id='word_1_79' title='bbox 661 1544 761 1620; x_wconf 81' lang='lat' dir='ltr'><strong>esset,</strong></span> <span class='ocrx_word' id='word_1_80' title='bbox 778 1531 807 1602; x_wconf 89' lang='lat' dir='ltr'><strong>si</strong></span> <span class='ocrx_word' id='word_1_81' title='bbox 826 1529 965 1621; x_wconf 79' lang='grc' dir='ltr'><em>παιδὸς</em></span> <span class='ocrx_word' id='word_1_82' title='bbox 983 1534 1136 1624; x_wconf 82' lang='grc' dir='ltr'><em>νεογνοῢ</em></span> <span class='ocrx_word' id='word_1_83' title='bbox 1150 1531 1200 1604; x_wconf 88' lang='lat' dir='ltr'><strong>vel</strong></span> <span class='ocrx_word' id='word_1_84' title='bbox 1218 1555 1295 1602; x_wconf 85' lang='grc' dir='ltr'><em>νεο-</em></span> 
     </span>
     <span class='ocr_line' id='line_1_12' title="bbox 169 1645 1296 1744; baseline 0.002 -26"><span class='ocrx_word' id='word_1_85' title='bbox 169 1645 265 1741; x_wconf 87' lang='grc' dir='ltr'><em>γνὸν</em></span> <span class='ocrx_word' id='word_1_86' title='bbox 276 1649 370 1742; x_wconf 81' lang='grc' dir='ltr'><em>φάος</em></span> <span class='ocrx_word' id='word_1_87' title='bbox 381 1649 553 1721; x_wconf 80' lang='lat' dir='ltr'><strong>diceretur.</strong></span> <span class='ocrx_word' id='word_1_88' title='bbox 578 1649 702 1721; x_wconf 88' lang='lat' dir='ltr'><strong>Deinde</strong></span> <span class='ocrx_word' id='word_1_89' title='bbox 711 1649 742 1719; x_wconf 89' lang='lat' dir='ltr'><strong>in</strong></span> <span class='ocrx_word' id='word_1_90' title='bbox 753 1648 860 1722; x_wconf 83' lang='lat' dir='ltr'><strong>verbis</strong></span> <span class='ocrx_word' id='word_1_91' title='bbox 874 1647 994 1742; x_wconf 85' lang='grc' dir='ltr'><em>πόθῳ</em></span> <span class='ocrx_word' id='word_1_92' title='bbox 1009 1646 1237 1744; x_wconf 76' lang='grc' dir='ltr'><em>δεδηγμένοις</em></span> <span class='ocrx_word' id='word_1_93' title='bbox 1246 1648 1296 1722; x_wconf 86' lang='lat' dir='ltr'><strong>si-</strong></span> 
     </span>
     <span class='ocr_line' id='line_1_13' title="bbox 171 1764 1296 1864; baseline 0.002 -28"><span class='ocrx_word' id='word_1_94' title='bbox 171 1790 212 1836; x_wconf 88' lang='lat' dir='ltr'><strong>ue</strong></span> <span class='ocrx_word' id='word_1_95' title='bbox 231 1764 329 1836; x_wconf 88' lang='lat' dir='ltr'><strong>dubio</strong></span> <span class='ocrx_word' id='word_1_96' title='bbox 346 1764 519 1862; x_wconf 83' lang='lat' dir='ltr'><strong>requiritur</strong></span> <span class='ocrx_word' id='word_1_97' title='bbox 537 1765 608 1836; x_wconf 88' lang='lat' dir='ltr'><strong>eius</strong></span> <span class='ocrx_word' id='word_1_98' title='bbox 627 1766 674 1838; x_wconf 93' lang='lat' dir='ltr'><strong>rei</strong></span> <span class='ocrx_word' id='word_1_99' title='bbox 693 1765 898 1862; x_wconf 81' lang='lat' dir='ltr'><strong>significatio,</strong></span> <span class='ocrx_word' id='word_1_100' title='bbox 923 1791 1008 1864; x_wconf 87' lang='lat' dir='ltr'><strong>quaa</strong></span> <span class='ocrx_word' id='word_1_101' title='bbox 1025 1766 1242 1856; x_wconf 89' lang='lat' dir='ltr'><strong>desideratur,</strong></span> <span class='ocrx_word' id='word_1_102' title='bbox 1260 1779 1296 1838; x_wconf 92' lang='lat' dir='ltr'><strong>ut</strong></span> 
     </span>
    </p>
   </div>
   <div class='ocr_carea' id='block_1_3' title="bbox 1433 389 1440 643">
    <p class='ocr_par' dir='ltr' id='par_1_3' title="bbox 1433 235 1440 643">
     <span class='ocr_line' id='line_1_14' title="bbox 1433 389 1440 643; baseline 0 -395"><span class='ocrx_word' id='word_1_103' title='bbox 1433 389 1440 643; x_wconf 37' lang='grc' dir='ltr'><em>γ</em></span> 
     </span>
    </p>
   </div>
   <div class='ocr_carea' id='block_1_4' title="bbox 1431 645 1440 692">
    <p class='ocr_par' dir='ltr' id='par_1_4' title="bbox 1431 645 1440 692">
     <span class='ocr_line' id='line_1_15' title="bbox 1431 645 1440 692; baseline 0 0"><span class='ocrx_word' id='word_1_104' title='bbox 1431 645 1440 692; x_wconf 80' lang='lat' dir='ltr'><strong>t</strong></span> 
     </span>
    </p>
   </div>
   <div class='ocr_carea' id='block_1_5' title="bbox 161 1865 1440 1991">
    <p class='ocr_par' dir='ltr' id='par_1_5' title="bbox 161 1865 1440 1991">
     <span class='ocr_line' id='line_1_16' title="bbox 161 1865 1440 1991; baseline 0.007 -40"><span class='ocrx_word' id='word_1_105' title='bbox 161 1865 417 1954; x_wconf 57' lang='lat' dir='ltr'><strong>‘walamnum</strong></span> <span class='ocrx_word' id='word_1_106' title='bbox 431 1881 755 1976; x_wconf 74' lang='grc' dir='ltr'><em>πάδῳοοοοοεοοίο</em></span> <span class='ocrx_word' id='word_1_107' title='bbox 770 1883 1032 1980; x_wconf 82' lang='lat' dir='ltr'><strong>coniungendum</strong></span> <span class='ocrx_word' id='word_1_108' title='bbox 1048 1885 1104 1972; x_wconf 84' lang='lat' dir='ltr'><strong>sit,</strong></span> <span class='ocrx_word' id='word_1_109' title='bbox 1119 1898 1153 1956; x_wconf 91' lang='lat' dir='ltr'><strong>ut</strong></span> <span class='ocrx_word' id='word_1_110' title='bbox 1166 1885 1293 1956; x_wconf 73' lang='lat' dir='ltr'><strong>lauti?</strong></span> <span class='ocrx_word' id='word_1_111' title='bbox 1336 1983 1340 1991; x_wconf 26' lang='grc' dir='ltr'><strong><em>ι</em></strong></span> <span class='ocrx_word' id='word_1_112' title='bbox 1438 1919 1440 1960; x_wconf 73' lang='lat' dir='ltr'><em>z</em></span> 
     </span>
    </p>
   </div>
   <div class='ocr_carea' id='block_1_6' title="bbox 170 1995 1298 2099">
    <p class='ocr_par' dir='ltr' id='par_1_6' title="bbox 170 1995 1298 2099">
     <span class='ocr_line' id='line_1_17' title="bbox 170 1995 1298 2099; baseline 0.003 -30"><span class='ocrx_word' id='word_1_113' title='bbox 170 1995 359 2092; x_wconf 73' lang='grc' dir='ltr'><em>οείέμωτι</em></span> <span class='ocrx_word' id='word_1_114' title='bbox 381 1999 549 2072; x_wconf 89' lang='grc' dir='ltr'><em>παίδων.</em></span> <span class='ocrx_word' id='word_1_115' title='bbox 571 1997 1298 2099; x_wconf 74' lang='grc' dir='ltr'><em>Ιρλ.Α.431;ἢπάθονέχωνθογατμδς</em></span> 
     </span>
    </p>
   </div>
   <div class='ocr_carea' id='block_1_7' title="bbox 170 2116 1440 2216">
    <p class='ocr_par' dir='ltr' id='par_1_7' title="bbox 170 2116 1440 2216">
     <span class='ocr_line' id='line_1_18' title="bbox 170 2116 1440 2216; baseline 0.002 -27"><span class='ocrx_word' id='word_1_116' title='bbox 170 2116 387 2211; x_wconf 75' lang='grc' dir='ltr'><em>Ἀγαμέμνων</em></span> <span class='ocrx_word' id='word_1_117' title='bbox 401 2116 492 2200; x_wconf 77' lang='grc' dir='ltr'><em>ἄναξ</em></span> <span class='ocrx_word' id='word_1_118' title='bbox 501 2117 642 2210; x_wconf 84' lang='grc' dir='ltr'><em>έκάμισε</em></span> <span class='ocrx_word' id='word_1_119' title='bbox 655 2121 799 2206; x_wconf 72' lang='grc' dir='ltr'><em>παῖδας</em></span> <span class='ocrx_word' id='word_1_120' title='bbox 815 2118 901 2190; x_wconf 87' lang='lat' dir='ltr'><strong>Nihil</strong></span> <span class='ocrx_word' id='word_1_121' title='bbox 911 2120 995 2192; x_wconf 87' lang='lat' dir='ltr'><strong>euim</strong></span> <span class='ocrx_word' id='word_1_122' title='bbox 1006 2120 1136 2216; x_wconf 85' lang='lat' dir='ltr'><strong>expedit</strong></span> <span class='ocrx_word' id='word_1_123' title='bbox 1144 2120 1295 2192; x_wconf 76' lang='lat' dir='ltr'><strong>conferre</strong></span> <span class='ocrx_word' id='word_1_124' title='bbox 1439 2189 1440 2198; x_wconf 72' lang='grc'>,</span> 
     </span>
    </p>
   </div>
   <div class='ocr_carea' id='block_1_8' title="bbox 170 2233 1297 3752">
    <p class='ocr_par' dir='ltr' id='par_1_8' title="bbox 170 2233 1297 3373">
     <span class='ocr_line' id='line_1_19' title="bbox 170 2233 1292 2334; baseline 0 -26"><span class='ocrx_word' id='word_1_125' title='bbox 170 2233 405 2334; x_wconf 74' lang='lat' dir='ltr'><strong>Supputuaaz</strong></span> <span class='ocrx_word' id='word_1_126' title='bbox 419 2236 583 2307; x_wconf 91' lang='grc' dir='ltr'><em>παίδων</em></span> <span class='ocrx_word' id='word_1_127' title='bbox 596 2236 626 2307; x_wconf 70' lang='grc' dir='ltr'><strong>τ’</strong></span> <span class='ocrx_word' id='word_1_128' title='bbox 639 2235 827 2332; x_wconf 69' lang='grc' dir='ltr'><em>ἐραστὴς</em></span> <span class='ocrx_word' id='word_1_129' title='bbox 837 2234 881 2332; x_wconf 78' lang='grc' dir='ltr'><strong>ἦν</strong></span> <span class='ocrx_word' id='word_1_130' title='bbox 894 2235 1012 2330; x_wconf 84' lang='grc' dir='ltr'><em>πίθῳ</em></span> <span class='ocrx_word' id='word_1_131' title='bbox 1027 2235 1057 2306; x_wconf 82' lang='grc' dir='ltr'><strong>τ’</strong></span> <span class='ocrx_word' id='word_1_132' title='bbox 1069 2234 1292 2333; x_wconf 77' lang='grc' dir='ltr'><em>ἀπωλλύμην,</em></span> 
     </span>
     <span class='ocr_line' id='line_1_20' title="bbox 171 2351 1294 2451; baseline 0.002 -29"><span class='ocrx_word' id='word_1_133' title='bbox 171 2353 323 2450; x_wconf 88' lang='lat' dir='ltr'><strong>quoniam</strong></span> <span class='ocrx_word' id='word_1_134' title='bbox 338 2352 483 2442; x_wconf 89' lang='grc' dir='ltr'><em>παίδων,</em></span> <span class='ocrx_word' id='word_1_135' title='bbox 498 2353 586 2451; x_wconf 90' lang='lat' dir='ltr'><strong>quod</strong></span> <span class='ocrx_word' id='word_1_136' title='bbox 601 2353 759 2426; x_wconf 85' lang='lat' dir='ltr'><strong>vocabulo</strong></span> <span class='ocrx_word' id='word_1_137' title='bbox 774 2351 930 2449; x_wconf 66' lang='grc' dir='ltr'><em>ἐραστάς</em></span> <span class='ocrx_word' id='word_1_138' title='bbox 941 2353 1128 2426; x_wconf 85' lang='lat' dir='ltr'><strong>adiunctum</strong></span> <span class='ocrx_word' id='word_1_139' title='bbox 1141 2368 1202 2445; x_wconf 78' lang='lat' dir='ltr'><strong>est,</strong></span> <span class='ocrx_word' id='word_1_140' title='bbox 1212 2379 1294 2428; x_wconf 84' lang='lat' dir='ltr'><strong>eou-</strong></span> 
     </span>
     <span class='ocr_line' id='line_1_21' title="bbox 171 2470 1293 2570; baseline 0.001 -28"><span class='ocrx_word' id='word_1_141' title='bbox 171 2483 361 2542; x_wconf 88' lang='lat' dir='ltr'><strong>seutaneum</strong></span> <span class='ocrx_word' id='word_1_142' title='bbox 369 2470 457 2543; x_wconf 90' lang='lat' dir='ltr'><strong>estin</strong></span> <span class='ocrx_word' id='word_1_143' title='bbox 468 2470 624 2541; x_wconf 89' lang='lat' dir='ltr'><strong>iisaudiri</strong></span> <span class='ocrx_word' id='word_1_144' title='bbox 635 2497 719 2568; x_wconf 92' lang='lat' dir='ltr'><strong>quae</strong></span> <span class='ocrx_word' id='word_1_145' title='bbox 729 2483 916 2570; x_wconf 88' lang='lat' dir='ltr'><strong>sequautur.</strong></span> <span class='ocrx_word' id='word_1_146' title='bbox 932 2471 1047 2570; x_wconf 86' lang='lat' dir='ltr'><strong>Neque</strong></span> <span class='ocrx_word' id='word_1_147' title='bbox 1058 2471 1293 2543; x_wconf 89' lang='lat' dir='ltr'><strong>brevitatem</strong></span> 
     </span>
     <span class='ocr_line' id='line_1_22' title="bbox 171 2586 1295 2688; baseline 0.001 -29"><span class='ocrx_word' id='word_1_148' title='bbox 171 2586 1295 2688; x_wconf 71' lang='lat' dir='ltr'><strong>quandamdiuendi‚quaexairamrepetaturaaltima,reetehicsta·</strong></span> 
     </span>
     <span class='ocr_line' id='line_1_23' title="bbox 171 2687 1295 2802; baseline -0.001 -23"><span class='ocrx_word' id='word_1_149' title='bbox 171 2707 283 2802; x_wconf 79' lang='lat' dir='ltr'><strong>tueris,</strong></span> <span class='ocrx_word' id='word_1_150' title='bbox 297 2733 369 2779; x_wconf 86' lang='lat' dir='ltr'><strong>cum</strong></span> <span class='ocrx_word' id='word_1_151' title='bbox 382 2705 516 2778; x_wconf 91' lang='grc' dir='ltr'><em>παίδων</em></span> <span class='ocrx_word' id='word_1_152' title='bbox 526 2708 569 2778; x_wconf 94' lang='lat' dir='ltr'><strong>ita</strong></span> <span class='ocrx_word' id='word_1_153' title='bbox 578 2706 771 2780; x_wconf 81' lang='lat' dir='ltr'><strong>collocatum</strong></span> <span class='ocrx_word' id='word_1_154' title='bbox 782 2707 834 2797; x_wconf 84' lang='lat' dir='ltr'><strong>sit,</strong></span> <span class='ocrx_word' id='word_1_155' title='bbox 845 2721 878 2778; x_wconf 87' lang='lat' dir='ltr'><strong>ut</strong></span> <span class='ocrx_word' id='word_1_156' title='bbox 886 2707 928 2778; x_wconf 91' lang='lat' dir='ltr'><strong>ad</strong></span> <span class='ocrx_word' id='word_1_157' title='bbox 942 2705 1046 2802; x_wconf 86' lang='grc' dir='ltr'><em>πόθῳ</em></span> <span class='ocrx_word' id='word_1_158' title='bbox 1060 2687 1183 2780; x_wconf 79' lang='lat' dir='ltr'><strong>referre</strong></span> <span class='ocrx_word' id='word_1_159' title='bbox 1193 2731 1295 2778; x_wconf 89' lang='lat' dir='ltr'><strong>unus·</strong></span> 
     </span>
     <span class='ocr_line' id='line_1_24' title="bbox 171 2824 1294 2924; baseline 0.001 -30"><span class='ocrx_word' id='word_1_160' title='bbox 171 2825 310 2923; x_wconf 90' lang='lat' dir='ltr'><strong>quisque</strong></span> <span class='ocrx_word' id='word_1_161' title='bbox 319 2851 423 2923; x_wconf 82' lang='lat' dir='ltr'><strong>prope</strong></span> <span class='ocrx_word' id='word_1_162' title='bbox 433 2839 579 2922; x_wconf 83' lang='lat' dir='ltr'><strong>cogatur.</strong></span> <span class='ocrx_word' id='word_1_163' title='bbox 596 2825 770 2898; x_wconf 89' lang='lat' dir='ltr'><strong>Hisautem</strong></span> <span class='ocrx_word' id='word_1_164' title='bbox 782 2824 972 2924; x_wconf 83' lang='lat' dir='ltr'><strong>propositis,</strong></span> <span class='ocrx_word' id='word_1_165' title='bbox 982 2825 1024 2896; x_wconf 90' lang='lat' dir='ltr'><strong>ad</strong></span> <span class='ocrx_word' id='word_1_166' title='bbox 1034 2825 1294 2898; x_wconf 88' lang='lat' dir='ltr'><strong>emendationem</strong></span> 
     </span>
     <span class='ocr_line' id='line_1_25' title="bbox 171 2941 1294 3040; baseline 0 -27"><span class='ocrx_word' id='word_1_167' title='bbox 171 2942 356 3039; x_wconf 82' lang='lat' dir='ltr'><strong>aggrediar,</strong></span> <span class='ocrx_word' id='word_1_168' title='bbox 374 2967 458 3039; x_wconf 91' lang='lat' dir='ltr'><strong>quae</strong></span> <span class='ocrx_word' id='word_1_169' title='bbox 474 2941 706 3040; x_wconf 81' lang='lat' dir='ltr'><strong>estiaciliima:</strong></span> <span class='ocrx_word' id='word_1_170' title='bbox 725 2948 884 3036; x_wconf 85' lang='grc' dir='ltr'><em>νεογνῶν</em></span> <span class='ocrx_word' id='word_1_171' title='bbox 903 2944 999 3032; x_wconf 84' lang='lat' dir='ltr'><strong>enim,</strong></span> <span class='ocrx_word' id='word_1_172' title='bbox 1014 2941 1101 3040; x_wconf 91' lang='lat' dir='ltr'><strong>quud</strong></span> <span class='ocrx_word' id='word_1_173' title='bbox 1116 2942 1294 3040; x_wconf 89' lang='lat' dir='ltr'><strong>antiquitus</strong></span> 
     </span>
     <span class='ocr_line' id='line_1_26' title="bbox 172 3059 1297 3160; baseline 0.002 -30"><span class='ocrx_word' id='word_1_174' title='bbox 172 3059 205 3130; x_wconf 86' lang='lat' dir='ltr'><em>N</em></span> <span class='ocrx_word' id='word_1_175' title='bbox 207 3059 334 3130; x_wconf 76' lang='grc' dir='ltr'><em>θθΓΝ</em></span> <span class='ocrx_word' id='word_1_176' title='bbox 337 3060 401 3131; x_wconf 88' lang='lat' dir='ltr'><strong>ON</strong></span> <span class='ocrx_word' id='word_1_177' title='bbox 409 3061 563 3160; x_wconf 82' lang='lat' dir='ltr'><strong>seriptum</strong></span> <span class='ocrx_word' id='word_1_178' title='bbox 579 3075 659 3150; x_wconf 75' lang='lat' dir='ltr'><strong>erat,</strong></span> <span class='ocrx_word' id='word_1_179' title='bbox 674 3064 859 3134; x_wconf 90' lang='lat' dir='ltr'><strong>mutandum</strong></span> <span class='ocrx_word' id='word_1_180' title='bbox 873 3076 924 3135; x_wconf 88' lang='lat' dir='ltr'><strong>est</strong></span> <span class='ocrx_word' id='word_1_181' title='bbox 938 3062 969 3132; x_wconf 88' lang='lat' dir='ltr'><strong>in</strong></span> <span class='ocrx_word' id='word_1_182' title='bbox 987 3060 1152 3155; x_wconf 85' lang='grc' dir='ltr'><em>νεογνόν,</em></span> <span class='ocrx_word' id='word_1_183' title='bbox 1172 3060 1227 3132; x_wconf 81' lang='grc' dir='ltr'><strong>ΦΑ</strong></span> <span class='ocrx_word' id='word_1_184' title='bbox 1237 3059 1297 3132; x_wconf 79' lang='grc'><strong>00</strong></span> 
     </span>
     <span class='ocr_line' id='line_1_27' title="bbox 171 3179 1293 3270; baseline 0.002 -22"><span class='ocrx_word' id='word_1_185' title='bbox 171 3190 279 3249; x_wconf 89' lang='lat' dir='ltr'><strong>autem</strong></span> <span class='ocrx_word' id='word_1_186' title='bbox 303 3179 334 3248; x_wconf 89' lang='lat' dir='ltr'><strong>in</strong></span> <span class='ocrx_word' id='word_1_187' title='bbox 365 3179 520 3252; x_wconf 65' lang='lat' dir='ltr'><strong>&amp;Aaou</strong></span> <span class='ocrx_word' id='word_1_188' title='bbox 559 3181 654 3267; x_wconf 88' lang='lat' dir='ltr'><strong>Quod</strong></span> <span class='ocrx_word' id='word_1_189' title='bbox 672 3181 699 3252; x_wconf 92' lang='lat' dir='ltr'><strong>si</strong></span> <span class='ocrx_word' id='word_1_190' title='bbox 717 3181 845 3270; x_wconf 80' lang='lat' dir='ltr'><strong>feceris,</strong></span> <span class='ocrx_word' id='word_1_191' title='bbox 868 3205 941 3252; x_wconf 85' lang='lat' dir='ltr'><strong>eum</strong></span> <span class='ocrx_word' id='word_1_192' title='bbox 959 3179 1138 3253; x_wconf 84' lang='lat' dir='ltr'><strong>orationem</strong></span> <span class='ocrx_word' id='word_1_193' title='bbox 1156 3179 1293 3252; x_wconf 87' lang='lat' dir='ltr'><strong>habebis</strong></span> 
     </span>
     <span class='ocr_line' id='line_1_28' title="bbox 172 3298 786 3373; baseline 0.005 -6"><span class='ocrx_word' id='word_1_194' title='bbox 172 3307 238 3367; x_wconf 91' lang='lat' dir='ltr'><strong>tum</strong></span> <span class='ocrx_word' id='word_1_195' title='bbox 250 3298 442 3370; x_wconf 88' lang='lat' dir='ltr'><strong>sententiam</strong></span> <span class='ocrx_word' id='word_1_196' title='bbox 455 3299 540 3371; x_wconf 89' lang='lat' dir='ltr'><strong>omni</strong></span> <span class='ocrx_word' id='word_1_197' title='bbox 552 3299 626 3371; x_wconf 88' lang='lat' dir='ltr'><strong>vitiu</strong></span> <span class='ocrx_word' id='word_1_198' title='bbox 637 3318 786 3373; x_wconf 85' lang='lat' dir='ltr'><strong>vacuam:</strong></span> 
     </span>
    </p>

    <p class='ocr_par' dir='ltr' id='par_1_9' title="bbox 184 3415 1042 3516">
     <span class='ocr_line' id='line_1_29' title="bbox 184 3415 1042 3516; baseline 0.003 -31"><span class='ocrx_word' id='word_1_199' title='bbox 184 3455 186 3462; x_wconf 70' lang='lat'><em>,</em></span> <span class='ocrx_word' id='word_1_200' title='bbox 326 3417 380 3497; x_wconf 90' lang='grc' dir='ltr'><strong>ῶς</strong></span> <span class='ocrx_word' id='word_1_201' title='bbox 395 3419 465 3498; x_wconf 82' lang='grc' dir='ltr'><em>τοῖς</em></span> <span class='ocrx_word' id='word_1_202' title='bbox 480 3415 600 3488; x_wconf 82' lang='grc' dir='ltr'><em>ἄπαισι</em></span> <span class='ocrx_word' id='word_1_203' title='bbox 617 3416 676 3488; x_wconf 81' lang='grc' dir='ltr'><strong>καὶ</strong></span> <span class='ocrx_word' id='word_1_204' title='bbox 692 3417 796 3512; x_wconf 81' lang='grc' dir='ltr'><em>πόθῳ</em></span> <span class='ocrx_word' id='word_1_205' title='bbox 815 3415 1042 3516; x_wconf 78' lang='grc' dir='ltr'><em>δεῶγγμένοις</em></span> 
     </span>
    </p>

    <p class='ocr_par' dir='ltr' id='par_1_10' title="bbox 172 3531 1293 3752">
     <span class='ocr_line' id='line_1_30' title="bbox 327 3531 1162 3627; baseline 0.004 -24"><span class='ocrx_word' id='word_1_206' title='bbox 327 3531 461 3605; x_wconf 87' lang='grc' dir='ltr'><em>παίδων</em></span> <span class='ocrx_word' id='word_1_207' title='bbox 479 3533 628 3626; x_wconf 84' lang='grc' dir='ltr'><em>νεογνὸν</em></span> <span class='ocrx_word' id='word_1_208' title='bbox 645 3533 684 3607; x_wconf 86' lang='grc' dir='ltr'><strong>ἐν</strong></span> <span class='ocrx_word' id='word_1_209' title='bbox 701 3535 823 3627; x_wconf 87' lang='grc' dir='ltr'><em>δόμοις</em></span> <span class='ocrx_word' id='word_1_210' title='bbox 838 3534 918 3607; x_wconf 81' lang='grc' dir='ltr'><strong>ἰδεῖν</strong></span> <span class='ocrx_word' id='word_1_211' title='bbox 935 3535 1074 3616; x_wconf 90' lang='grc' dir='ltr'><em>θάλος.</em></span> <span class='ocrx_word' id='word_1_212' title='bbox 1155 3585 1162 3596; x_wconf 59' lang='grc'><strong>«</strong></span> 
     </span>
     <span class='ocr_line' id='line_1_31' title="bbox 172 3649 1293 3752; baseline 0.002 -31"><span class='ocrx_word' id='word_1_213' title='bbox 172 3649 221 3721; x_wconf 80' lang='lat' dir='ltr'><strong>Ad</strong></span> <span class='ocrx_word' id='word_1_214' title='bbox 237 3650 490 3723; x_wconf 84' lang='lat' dir='ltr'><strong>confirmandam</strong></span> <span class='ocrx_word' id='word_1_215' title='bbox 504 3664 612 3723; x_wconf 92' lang='lat' dir='ltr'><strong>autem</strong></span> <span class='ocrx_word' id='word_1_216' title='bbox 627 3653 884 3727; x_wconf 75' lang='lat' dir='ltr'><strong>emendationem</strong></span> <span class='ocrx_word' id='word_1_217' title='bbox 901 3679 1016 3744; x_wconf 81' lang='lat' dir='ltr'><strong>meam,</strong></span> <span class='ocrx_word' id='word_1_218' title='bbox 1026 3678 1110 3752; x_wconf 91' lang='lat' dir='ltr'><strong>quae</strong></span> <span class='ocrx_word' id='word_1_219' title='bbox 1125 3651 1210 3724; x_wconf 90' lang='lat' dir='ltr'><strong>haud</strong></span> <span class='ocrx_word' id='word_1_220' title='bbox 1222 3651 1293 3724; x_wconf 87' lang='lat' dir='ltr'><strong>seio</strong></span> 
     </span>
    </p>
   </div>
   <div class='ocr_carea' id='block_1_9' title="bbox 172 3763 1435 4101">
    <p class='ocr_par' dir='ltr' id='par_1_11' title="bbox 172 3763 1435 4101">
     <span class='ocr_line' id='line_1_32' title="bbox 172 3763 1435 3868; baseline 0.002 -30"><span class='ocrx_word' id='word_1_221' title='bbox 172 3793 213 3838; x_wconf 87' lang='lat' dir='ltr'><strong>an</strong></span> <span class='ocrx_word' id='word_1_222' title='bbox 224 3781 327 3840; x_wconf 88' lang='lat' dir='ltr'><strong>semet</strong></span> <span class='ocrx_word' id='word_1_223' title='bbox 336 3769 409 3866; x_wconf 90' lang='lat' dir='ltr'><strong>ipsa</strong></span> <span class='ocrx_word' id='word_1_224' title='bbox 419 3769 500 3840; x_wconf 86' lang='lat' dir='ltr'><strong>satis</strong></span> <span class='ocrx_word' id='word_1_225' title='bbox 509 3763 675 3867; x_wconf 80' lang='lat' dir='ltr'><strong>superque</strong></span> <span class='ocrx_word' id='word_1_226' title='bbox 685 3769 1194 3868; x_wconf 61' lang='lat' dir='ltr'><strong>tueatur‚haeeaddetiphffiaur.</strong></span> <span class='ocrx_word' id='word_1_227' title='bbox 1203 3769 1293 3842; x_wconf 80' lang='lat'><strong>209:</strong></span> <span class='ocrx_word' id='word_1_228' title='bbox 1434 3835 1435 3848; x_wconf 19' lang='grc' dir='ltr'><em>ς</em></span> 
     </span>
     <span class='ocr_line' id='line_1_33' title="bbox 173 3875 1435 3981; baseline 0 -25"><span class='ocrx_word' id='word_1_229' title='bbox 173 3883 440 3980; x_wconf 83' lang='grc' dir='ltr'><em>πρωτόγονον</em></span> <span class='ocrx_word' id='word_1_230' title='bbox 463 3886 603 3969; x_wconf 88' lang='grc' dir='ltr'><em>θάλος.</em></span> <span class='ocrx_word' id='word_1_231' title='bbox 624 3887 713 3959; x_wconf 83' lang='lat'>232:</span> <span class='ocrx_word' id='word_1_232' title='bbox 731 3886 825 3959; x_wconf 93' lang='grc' dir='ltr'><em>νέον</em></span> <span class='ocrx_word' id='word_1_233' title='bbox 839 3883 888 3958; x_wconf 85' lang='grc' dir='ltr'><strong>ἔτι</strong></span> <span class='ocrx_word' id='word_1_234' title='bbox 901 3885 1213 3981; x_wconf 81' lang='grc' dir='ltr'><em>θάλοςένχερσίν</em></span> <span class='ocrx_word' id='word_1_235' title='bbox 1225 3909 1293 3980; x_wconf 86' lang='grc' dir='ltr'><strong>μα·</strong></span> <span class='ocrx_word' id='word_1_236' title='bbox 1433 3875 1435 3906; x_wconf 90' lang='lat'>&#39;</span> 
     </span>
     <span class='ocr_line' id='line_1_34' title="bbox 173 4001 1435 4101; baseline 0.002 -28"><span class='ocrx_word' id='word_1_237' title='bbox 173 4001 518 4097; x_wconf 83' lang='grc' dir='ltr'><em>τμδςπμδςοτέμνοις</em></span> <span class='ocrx_word' id='word_1_238' title='bbox 527 4005 569 4076; x_wconf 75' lang='grc' dir='ltr'><strong>τ’.</strong></span> <span class='ocrx_word' id='word_1_239' title='bbox 582 4001 935 4098; x_wconf 61' lang='grc' dir='ltr'><em>1709Λγαμεμνόνιον</em></span> <span class='ocrx_word' id='word_1_240' title='bbox 949 4005 1088 4086; x_wconf 87' lang='grc' dir='ltr'><em>θάλος.</em></span> <span class='ocrx_word' id='word_1_241' title='bbox 1104 4004 1293 4101; x_wconf 74' lang='grc' dir='ltr'><em>ΕΙ.15εθῆ-</em></span> <span class='ocrx_word' id='word_1_242' title='bbox 1434 4049 1435 4076; x_wconf 84' lang='lat' dir='ltr'><strong>t</strong></span> 
     </span>
    </p>
   </div>
   <div class='ocr_carea' id='block_1_10' title="bbox 172 4120 1291 4332">
    <p class='ocr_par' dir='ltr' id='par_1_12' title="bbox 172 4120 1291 4332">
     <span class='ocr_line' id='line_1_35' title="bbox 172 4120 1291 4222; baseline 0.001 -31"><span class='ocrx_word' id='word_1_243' title='bbox 172 4122 213 4192; x_wconf 81' lang='grc' dir='ltr'><strong>λά</strong></span> <span class='ocrx_word' id='word_1_244' title='bbox 233 4120 262 4192; x_wconf 76' lang='lat' dir='ltr'><strong>r’</strong></span> <span class='ocrx_word' id='word_1_245' title='bbox 275 4121 464 4214; x_wconf 85' lang='grc' dir='ltr'><em>Ἠλέκτρας</em></span> <span class='ocrx_word' id='word_1_246' title='bbox 478 4122 617 4205; x_wconf 88' lang='grc' dir='ltr'><em>θάλος.</em></span> <span class='ocrx_word' id='word_1_247' title='bbox 638 4121 773 4194; x_wconf 83' lang='lat' dir='ltr'><strong>Homli.</strong></span> <span class='ocrx_word' id='word_1_248' title='bbox 786 4125 920 4212; x_wconf 56' lang='lat'><strong>2287.</strong></span> <span class='ocrx_word' id='word_1_249' title='bbox 938 4123 1030 4194; x_wconf 85' lang='lat' dir='ltr'><strong>i&#39;iud.</strong></span> <span class='ocrx_word' id='word_1_250' title='bbox 1040 4121 1169 4222; x_wconf 87' lang='lat' dir='ltr'><strong>Olymp.</strong></span> <span class='ocrx_word' id='word_1_251' title='bbox 1181 4122 1217 4214; x_wconf 87' lang='lat' dir='ltr'><strong>lt,</strong></span> <span class='ocrx_word' id='word_1_252' title='bbox 1231 4121 1291 4194; x_wconf 80' lang='lat'><strong>45.</strong></span> 
     </span>
     <span class='ocr_line' id='line_1_36' title="bbox 176 4238 1011 4332; baseline 0.004 -25"><span class='ocrx_word' id='word_1_253' title='bbox 176 4239 226 4332; x_wconf 74' lang='lat' dir='ltr'><strong>Vl,</strong></span> <span class='ocrx_word' id='word_1_254' title='bbox 236 4238 295 4311; x_wconf 83' lang='grc'><strong>68.</strong></span> <span class='ocrx_word' id='word_1_255' title='bbox 311 4239 401 4311; x_wconf 92' lang='lat' dir='ltr'><strong>Nem.</strong></span> <span class='ocrx_word' id='word_1_256' title='bbox 414 4241 436 4329; x_wconf 70' lang='lat' dir='ltr'><strong>l,</strong></span> <span class='ocrx_word' id='word_1_257' title='bbox 447 4243 480 4311; x_wconf 85' lang='lat'><strong>2.</strong></span> <span class='ocrx_word' id='word_1_258' title='bbox 492 4239 668 4313; x_wconf 81' lang='lat' dir='ltr'><strong>Valcken.</strong></span> <span class='ocrx_word' id='word_1_259' title='bbox 680 4240 720 4312; x_wconf 91' lang='lat' dir='ltr'><strong>ad</strong></span> <span class='ocrx_word' id='word_1_260' title='bbox 731 4240 806 4311; x_wconf 84' lang='lat' dir='ltr'><strong>Eur.</strong></span> <span class='ocrx_word' id='word_1_261' title='bbox 818 4240 939 4312; x_wconf 84' lang='lat' dir='ltr'><strong>Phueu&#39;.</strong></span> <span class='ocrx_word' id='word_1_262' title='bbox 951 4243 1011 4312; x_wconf 90' lang='lat'><strong>88.</strong></span> 
     </span>
    </p>
   </div>
   <div class='ocr_carea' id='block_1_11' title="bbox 0 0 1458 4834">
    <p class='ocr_par' dir='ltr' id='par_1_13' title="bbox 0 0 1458 4834">
     <span class='ocr_line' id='line_1_37' title="bbox 0 0 1458 4834; baseline 0 0"><span class='ocrx_word' id='word_1_263' title='bbox 0 0 1458 4834; x_wconf 95' lang='lat' dir='ltr'><strong> </strong></span> 
     </span>
    </p>
   </div>
  </div>
 </body>
</html>
