2914 4820
37 307 41 314 '
175 307 254 374 -22

238 603 240 606 .
286 525 515 620 Aeschylum
534 525 702 622 Choeph.
722 527 917 599 135—137.
953 525 1079 602 Electra
1098 525 1192 596 dicit:

340 636 410 716 135
438 643 536 736 κάχιλι
550 643 618 735 μὲν
635 643 846 726 ἀντίδουλος·
866 643 907 716 ἐκ
923 643 968 715 ἀὲ
978 645 1169 740 χρημάτων

437 761 578 856 φεύγων
591 761 756 860 Ὀρέστης
771 762 871 852 ἐστίν,
890 763 926 834 οἱ
939 763 971 834 d’
987 763 1196 855 ὑπερκόπως

437 879 475 950 ἐν
493 883 576 952 τοῖσι
592 882 668 962 σοῖς
682 881 842 953 πόνοισι
855 879 1039 976 χλίουσιν
1053 879 1158 974 μέγα,

210 999 241 1069 in
261 999 378 1096 quibos
397 998 585 1096 Aegisthum
604 999 702 1072 miror
719 1012 752 1072 et
769 999 1054 1097 Clytaemnestram
1074 998 1136 1070 dici
1155 999 1186 1069 in
1211 998 1321 1070 labo·

209 1118 317 1189 ribos
331 1117 581 1215 Agamemnonis
600 1142 676 1190 sese
694 1117 815 1192 iactare
833 1117 1072 1226 superbientem
1090 1143 1172 1214 qnos
1191 1116 1320 1188 labores

210 1238 413 1334 interpretari
439 1235 547 1308 solent
572 1261 670 1334 opos
697 1261 742 1308 ac
768 1236 946 1325 divitias3
977 1237 1063 1332 quod
1092 1237 1220 1333 quidem
1246 1261 1321 1308 num
1441 1237 1442 1252 ¹

210 1369 298 1427 recte
322 1355 450 1445 saciant,
468 1355 674 1427 vehementer
698 1354 821 1426 dubito.
863 1354 942 1426 Nam
960 1376 1044 1426 nnus
1061 1355 1114 1452 qoi
1135 1355 1240 1452 possit
1257 1341 1332 1425 lor?

211 1476 292 1545 sitan
313 1473 493 1572 comparari
512 1471 619 1544 locust

286 1593 369 1662 Eur:
384 1593 460 1663 lon.
475 1593 585 1663 1087:
600 1587 639 1661 ἵν’
652 1589 775 1671 ἐλπίζει
785 1589 1003 1689 βασιλεύσειν

605 1708 719 1781 ἄλλων
736 1709 860 1782 πόνον
877 1708 907 1780 τ’
924 1708 1091 1780 εἰσπεσεῖν

462 1853 465 1858 ·
602 1830 623 1900 ό
644 1827 804 1926 Φοίβειος
818 1827 959 1916 ἀλάτας,

211 1951 282 2047 ipse
309 1949 380 2020 sinc
406 1948 503 2019 dubio
530 1961 703 2045 corruptus
729 1961 788 2018 est.
826 1947 931 2044 Atque
954 1947 1116 2018 inchoavit
1132 1947 1319 2018 Heatlrius

1290 321 1293 334 ”

211 2069 486 2155 emendationem
501 2067 563 2164 qui·
579 2067 698 2137 dodum
723 2067 875 2138 correxit:
898 2065 1020 2136 πόνον
1037 2064 1238 2153 εἰσπεσών,
1257 2089 1318 2136 nec
1441 2063 1442 2138 f

213 2201 317 2259 tamen
332 2185 479 2257 absolvit.
513 2185 624 2256 Πόνον
638 2186 721 2257 enim
736 2187 812 2283 quid
829 2185 889 2256 sibi
906 2184 980 2257 velit
994 2210 1057 2256 non
1073 2185 1183 2282 liquet.
1215 2185 1326 2292 Quare

211 2304 404 2377 Nauckius
429 2303 614 2401 suspicatur
639 2304 844 2375 scribendum
869 2328 964 2376 esse:
992 2303 1119 2394 ἀόρον
1142 2302 1321 2391 εἰσπεσών,

213 2437 381 2521 praestare
399 2448 474 2494 vero
493 2422 634 2494 videtur:
790 2513 794 2524 ἱ

532 2536 644 2612 ἄλλον
670 2539 797 2611 πόλιν
823 2539 1003 2612 εἰσπεσών.

212 2659 279 2733 Sed
306 2649 406 2732 re'deo
432 2659 473 2730 ad
496 2657 648 2756 Aeschyli
675 2657 792 2748 locum,
815 2659 1025 2760 obipropter
1047 2673 1208 2732 extremae
1227 2685 1323 2732 voca·

212 2777 277 2850 boli
297 2774 394 2850 0010
414 2775 539 2850 litterae
559 2775 584 2849 C
606 2777 846 2876 similitudinem
863 2779 1039 2876 antiquitus
1056 2779 1179 2852 videtur
1200 2779 1226 2851 Θ
1248 2805 1324 2850 eva·

213 2898 334 2985 odisse,
354 2911 387 2968 ut
404 2921 464 2991 pro
483 2893 634 2968 001011
640 2894 809 2967 ottold!
822 2897 1025 2968 scribendum
1044 2899 1085 2970 sit
1105 2895 1322 2970 00109Ρο-

213 3017 246 3088 Ν
249 3015 300 3087 01
305 3013 356 3087 01
369 3016 399 3086 h.
417 3040 445 3086 e.
985 3085 988 3092 ,
1256 3113 1259 3118 ⁸

410 3132 448 3204 ἐν
465 3134 547 3204 τοῖσι
565 3134 638 3214 σοῖς
653 3132 842 3225 θρόνοισι
854 3133 1004 3230 χλίουσιν
1017 3133 1124 3229 μέγα,

213 3279 308 3352 quam
332 3253 522 3324 sententiam
547 3252 768 3352 unusquisque
792 3254 951 3325 concedet
972 3254 1071 3325 multo
1094 3277 1168 3325 esse
1191 3256 1232 3326 ad
1254 3280 1321 3326 rem

212 3372 546 3460 accommodatiorem,
570 3373 762 3470 praesertim
787 3397 862 3444 cum
883 3373 955 3469 ipse
972 3371 1107 3445 Orestes
1131 3387 1245 3468 postea
1265 3395 1324 3469 pa·

213 3507 324 3564 ternae
343 3490 512 3588 potestatis
532 3515 654 3562 memor
672 3503 824 3587 precetur
840 3517 868 3561 v.
890 3493 982 3564 480:
1004 3491 1127 3584 ποίτερ,
1152 3493 1323 3584 τρόποισιν

213 3609 254 3682 ου’
280 3611 489 3702 τυραννικοῖς
512 3607 642 3696 θανών,
674 3607 866 3703 αἰτουμένῳ
895 3633 956 3701 ροι
981 3607 1044 3692 δὸς
1067 3612 1223 3706 κρότος
1246 3615 1323 3682 τῶν

158 3799 162 3814 ,
213 3735 294 3800 σιῖιν
311 3729 464 3820 ἀόριον,
483 3741 516 3808 et
530 3730 615 3800 lacto
628 3728 730 3800 caede
744 3729 830 3800 idem
842 3728 928 3800 dicat
947 3755 974 3800 v.
991 3730 1080 3802 cta:
1102 3728 1245 3822 σεμνοί
1257 3729 1323 3822 μὲν

213 3847 303 3946 ἦσαν
322 3846 364 3917 ἐν
382 3845 816 3944 ἀρόνοιςτόό’ἥρενοι,
835 3849 923 3948 quod
941 3850 1081 3922 imitatos
1100 3861 1150 3920 est
1168 3848 1324 3946 Euripi·

213 3967 282 4039 des
301 3967 478 4042 Androm
495 3963 584 4041 699:
607 3963 751 4058 σεμνοὶ
772 3967 807 4038 d‘
828 3966 872 4039 ἐν
894 3967 1045 4062 ἀρχαῖς
1064 3966 1213 4061 ἥμενοι
1234 3966 1324 4038 nord

212 4085 325 4158 πτόλιν
342 4087 508 4179 φρονοῦσι
524 4085 639 4179 (λήρου
652 4086 783 4177 μεῖζον·
815 4087 855 4158 οῖ.
876 4086 957 4156 Eur«
970 4084 1015 4156 El.
1039 4086 1126 4155 321:
1148 4084 1206 4157 καί
1228 4091 1323 4182 σκῆ-

213 4203 315 4296 πτρ’,
331 4203 368 4274 ἐν
386 4197 599 4300 οῖςἝλλησιν
617 4201 874 4301 ἐστρατηλάτει,
888 4203 1095 4297 μιαιφόνοισι
1108 4202 1211 4298 χερσλ
1227 4227 1323 4298 χαυ-

209 4327 358 4413 ροῦται
375 4320 504 4418 λαβών.
