2914 4820
197 319 242 386 16

270 537 382 610 Aiac.
406 537 503 610 1019
522 562 593 635 sq.:

364 655 464 735 τέλος
485 655 518 726 d'
537 650 703 736 ἀπωστὸς
725 659 792 750 γῆς
816 654 1139 750 ἀτοοριοθήσομσιι,

364 773 491 853 δοῦλος
513 772 659 864 λύγοισιν
686 771 760 842 ἀντ’
780 771 973 865 έλεοιλέροο
1000 772 1130 867 φανείς,

195 891 227 963 in
245 891 364 990 quibus
380 889 582 982 λόγοισιν
597 931 641 942 --
658 887 780 984 φανείς
796 916 860 962 nou
882 917 920 962 ea
939 905 1015 962 sunt
1030 916 1115 987 quae
1134 915 1199 962 non
1217 890 1314 962 mire-

194 1011 251 1082 ris.
288 1008 385 1095 Quod
411 1033 509 1078 unum
535 1007 620 1079 enim
646 1007 784 1104 relinqui
803 1009 938 1099 videtur,
965 1021 1000 1079 ut
1024 1008 1140 1101 λόγοις
1162 1015 1313 1104 φανῆναι

194 1128 280 1199 i‘dem
294 1125 402 1198 valere
416 1137 594 1196 statuamus
608 1125 697 1222 quod
710 1126 891 1220 κληθῆναι,
911 1125 1042 1196 dubium
1062 1139 1113 1196 est
1130 1151 1205 1196 num
1224 1138 1313 1197 recte

194 1257 363 1316 statuatur.
404 1243 518 1340 Neque
536 1242 624 1338 quod
642 1240 849 1314 Morstadt.
871 1240 880 1311 l
913 1241 931 1312 l.
952 1269 984 1339 p.
1004 1243 1059 1315 16.
1081 1244 1222 1315 coniecit
1243 1267 1313 1335 γο-

194 1364 271 1432 νεῢ
279 1384 365 1449 σιν,
384 1358 553 1459 probabile
567 1373 628 1432 est.
661 1359 806 1456 infringit
819 1360 904 1431 enim
918 1359 1098 1431 sententiae
1111 1361 1184 1431 vim.
1215 1361 1314 1432 Prae·

195 1479 313 1551 stiterit
339 1479 490 1550 forsitan:
521 1479 751 1569 γοναῖσιν,
779 1477 819 1549 cl.
845 1477 893 1548 lli.
921 1477 1036 1551 1094:
1063 1473 1105 1582 ὃς
1120 1455 1237 1573 1μηδὲν
1263 1478 1313 1547 ὢν

194 1597 497 1692 γοναΐσιν,,ῳιο
516 1594 676 1666 Teucrum
694 1595 857 1692 putaveris
876 1593 1072 1690 significare,
1091 1607 1256 1693 postremo
1275 1620 1327 1666 se·
1441 1613 1442 1618 ’

193 1715 270 1800 eiici
286 1714 403 1786 linibus
423 1712 527 1811 utqui
546 1712 754 1784 nanciscatur
771 1713 931 1784 fortunam
949 1712 1019 1784 eius
1037 1712 1091 1809 qui
1107 1737 1184 1784 vere
1197 1735 1312 1784 servus

142 1860 149 1867 ·
194 1835 246 1906 sit.
283 1833 351 1907 Sed
368 1833 458 1903 mitto
476 1832 551 1920 boc,
568 1831 721 1928 quoniam
738 1857 778 1904 ex
796 1831 994 1904 scholiastae
1012 1830 1136 1904 verbis:
1153 1830 1312 1922 dalmacio,

136 2037 139 2048 Ι
193 1953 269 2034 ταῖς
291 1953 351 2021 τοῦ
378 1945 512 2040 πατρὸς
535 1946 811 2039 λοιδορίαις,
841 1946 1048 2044 intellegitur,
1071 1947 1193 2044 legisse
1219 1971 1311 2021 eum:

345 2067 472 2148 (λοῦλος
495 2065 684 2162 dorcium
709 2065 783 2137 ἀντ’
802 2065 997 2158 ἐλευθέρου
1023 2063 1158 2160 φονεῖς·

192 2187 308 2280 λόγοις
327 2185 414 2259 enim
436 2185 480 2257 ita
502 2184 722 2256 tantummodo
740 2196 830 2256 recte
848 2185 974 2256 videtur
991 2184 1039 2254 vis
1058 2183 1152 2255 tribui
1171 2186 1312 2255 incidiae

194 2321 223 2376 οι
240 2305 458 2392 contumeliae,
475 2327 560 2399 quae
578 2301 724 2373 subiecta
743 2314 794 2372 est
811 2301 943 2398 saepius
957 2299 1141 2398 Latinorum
1155 2301 1227 2374 voci
1244 2325 1311 2373 scr„

192 2446 300 2492 nunes
317 2421 375 2509 (cl.
395 2420 462 2490 Cic.
483 2420 514 2489 in
533 2421 601 2490 Cat.
622 2419 644 2507 l,
663 2418 697 2507 9,
717 2419 792 2506 23),
817 2431 851 2488 ut
869 2419 968 2490 verbo
987 2419 1073 2516 quod
1092 2419 1221 2490 accedit
1238 2419 1309 2516 ipsa
1440 2519 1441 2522 Ἴ

193 2539 286 2635 quasi
305 2536 493 2634 explicetur,
510 2535 596 2607 velut
614 2535 662 2605 ni.
678 2536 763 2608 501:
785 2534 900 2628 λόγοις
915 2534 1057 2606 idatio
1068 2560 1095 2608 ν.
1130 2533 1234 2629 Λόγοι
1251 2561 1311 2607 au·
1440 2579 1441 2604 t

192 2667 257 2727 tem
281 2667 313 2726 et
336 2653 451 2750 ψόγοι,
474 2651 586 2745 λέγειν
608 2664 642 2724 ct
664 2651 785 2749 ψέγειν
808 2654 964 2751 permixta
988 2639 1308 2751 saepenumeropol.

192 2773 239 2844 El.
262 2773 370 2845 1423.
399 2760 474 2842 Eur.
499 2770 613 2869 Suppl.
634 2772 728 2846 5652
750 2770 789 2843 τὸ
812 2773 881 2865 γάρ
907 2796 958 2842 τοι
980 2779 1044 2868 τῆς
1065 2771 1168 2868 Δίκης
1187 2773 1310 2852 σώζων

40 2901 42 2910 “
191 2890 305 2988 σέβας
326 2887 478 2968 πολλοὺς
501 2889 713 2984 ὑπεκφύγοις
737 2889 780 2960 ἂν
805 2883 1005 2981 ἀνθρώπων
1032 2887 1222 2985 ψόγους,
1256 2891 1309 2962 ubi

192 3008 289 3081 codd.
308 3009 385 3078 item
406 3006 565 3104 praebent
586 3006 719 3097 λόγους.
761 3008 863 3078 Porro
882 3007 955 3076 Eur.
976 3006 1098 3077 Pboou.
1122 3007 1213 3108 199:
1237 3032 1309 3098 σμι-

190 3125 281 3216 κράς
295 3123 326 3193 τ’
345 3122 512 3217 ἀφορμὰς
527 3122 569 3218 ἢν
586 3121 720 3219 λάβωσι
737 3129 805 3193 τῶν
822 3122 969 3215 λόγων,
993 3123 1134 3205 πλείους
1149 3123 1309 3218 ἐπεισφέ-

186 3263 324 3333 ροοσιν·
343 3238 792 3340 9101)οεὶ11111111,36.,116τὶ
811 3239 899 3312 multi
918 3241 1038 3313 babent
1055 3247 1122 3312 τῶν
1141 3240 1305 3336 ψόγων,

190 3359 231 3429 ol.
251 3356 442 3430 Valckeu.
462 3357 505 3428 ad
524 3357 555 3428 b.
577 3356 597 3428 l.
619 3385 651 3455 p.
675 3358 777 3440 158.;
803 3358 947 3456 viditque
970 3359 1033 3430 iam
1056 3357 1307 3448 lacobsius‚

189 3475 263 3547 Eur.
285 3477 399 3573 fragm.
421 3475 505 3564 299,
529 3475 563 3546 5.
585 3500 648 3547 non
673 3474 731 3546 τὸν
749 3481 816 3547 τῶν
833 3476 881 3546 λε
889 3476 1058 3569 γόντιον
1076 3479 1169 3569 ῥᾷον
1186 3474 1229 3546 ἂν
1246 3473 1306 3570 φέ-

185 3615 246 3684 ροι
264 3592 407 3690 ψόγον
425 3592 601 3690 scripsisse
619 3605 749 3690 poetam
767 3593 879 3684 videri,
897 3594 975 3665 sed:
998 3592 1056 3664 τὸν
1073 3598 1141 3664 τῶν
1158 3593 1307 3688 ψεγόν-

188 3733 268 3780 των
282 3714 374 3804 ῥᾷον
391 3708 434 3780 ἄν
451 3707 556 3805 φέροι
571 3710 704 3802 λόγον.
743 3711 845 3784 Recte
863 3712 959 3783 etiam
976 3710 1096 3782 dasch.
1111 3711 1201 3781 Eum.
1217 3711 1308 3782 226:

188 3825 290 3918 τιμὰς
304 3825 346 3898 cd
362 3827 414 3922 μὴ
432 3826 597 3918 σύντεμνε
614 3828 678 3908 τὰς
694 3827 785 3919 ἐμὰς
797 3829 906 3923 λόγῳ
922 3831 1126 3928 Hermonem
1139 3853 1200 3924 pro
1212 3827 1305 3920 λόγῳ

190 3944 386 4016 emendasse
404 3944 529 4016 videtur
546 3944 676 4039 ψόγῳ.
711 3946 817 4045 Atque
835 3947 949 4020 eadem
968 3945 1198 4017 vocabulorum
1216 3969 1306 4015 com·

65 4135 72 4142 ,
188 4061 321 4134 mutatio
339 4066 424 4134 lacta
442 4075 494 4134 est
510 4063 574 4133 nisi
591 4061 684 4134 lallor

268 4179 355 4250 Eur.
371 4180 457 4252 Hel.
474 4181 549 4251 716
567 4206 632 4278 sq,
649 4180 704 4250 ubi
722 4180 866 4252 nuntium
885 4179 1027 4252 Helenae
1044 4191 1078 4251 et
1094 4177 1229 4250 Menelai
1248 4204 1305 4251 oa·

187 4296 347 4370 lamitates
365 4298 414 4369 sic
431 4310 529 4395 pocta
548 4298 624 4368 lacit
641 4297 880 4394 deplorantem:
