2914 4820
183 279 230 348 24

185 499 216 569 iu
241 498 378 570 mentem
404 498 487 571 venit
512 501 568 591 (cl.
591 503 686 573 Dior.
707 496 1113 572 mendacilocum.
1134 524 1165 596 p.
1188 497 1298 588 690]:

185 615 303 688 τόνθε
331 616 383 712 μὴ
409 617 524 689 λυπεῖν
545 617 664 710 μόνον,
697 618 790 716 quasi
820 643 896 692 vero
922 617 1026 715 quivis
1053 617 1140 688 nullo
1167 617 1298 715 negotio

97 777 100 784 ·
186 734 349 832 dispiciat,
361 735 634 833 Agamemnonem
649 736 837 834 significari.¹
869 737 968 808 Recte
981 749 1087 808 autem
1102 737 1139 808 G.
1154 734 1254 808 Wolf
1257 736 1297 808 lii

185 854 422 926 coniecturam:
438 857 558 926 τοῦτο
575 856 643 950 θή,
661 854 788 943 λυπεῖν,
802 854 909 946 μόναν
927 853 1012 932 idem
1031 853 1050 926 Ι.
1067 853 1086 924 Ι.
1104 855 1228 927 videtur
1245 881 1299 926 re·

184 974 315 1076 lutasse.
370 974 445 1046 ltem
473 999 587 1048 vereor
613 1000 654 1046 ne
680 973 818 1046 alienum
845 973 887 1046 sit
913 999 932 1046 a
957 973 1135 1046 sententiae
1162 974 1297 1063 ratione,

186 1092 272 1190 quod
287 1091 505 1164 Meinekius
524 1091 542 1162 l.
560 1091 579 1163 l.
596 1104 705 1191 aptum
725 1091 826 1164 duxitz
844 1090 1070 1187 τληπαθεῖν
1085 1090 1201 1184 μόνον.
1225 1093 1298 1164 Ete-

186 1213 250 1284 nim
275 1239 337 1285 non
362 1214 403 1286 de
426 1239 466 1286 eo
489 1213 605 1311 agitur,
629 1212 704 1312 quid
724 1216 924 1316 tolerandum
941 1211 1001 1286 sed
1020 1211 1097 1308 quid
1116 1213 1300 1306 facundum

148 1325 152 1418 J
186 1332 237 1404 sit.
271 1333 335 1404 lam
350 1358 426 1406 vero
440 1330 778 1423 SchneidewinuS,
796 1331 945 1404 inductus
960 1344 994 1403 ut
1008 1329 1132 1402 videtur
1146 1330 1301 1402 Ηαοοο-Ι

186 1450 343 1548 bergeri
371 1450 568 1538 coniectura,
597 1451 651 1549 qui
680 1453 746 1541 (De
769 1453 927 1544 corruptis
950 1452 1072 1544 aliquot
1099 1451 1197 1544 Soplt.
1224 1451 1300 1522 locis

185 1567 279 1642 Mein.
299 1569 405 1642 1849.
422 1596 454 1668 p.
473 1572 535 1661 14)
554 1581 787 1668 proposuerat:
806 1569 858 1666 μὴ
881 1570 1010 1640 λιπεῖν
1032 1567 1145 1663 γόον,
1169 1582 1297 1667 poetam

181 1688 370 1790 ‘suspicatus
385 1701 439 1760 est
448 1688 637 1786 scripsisse:
651 1687 702 1784 μὴ
720 1687 861 1784 λήγειν
878 1686 1002 1782 γόων,
1022 1687 1109 1784 quod
1126 1687 1297 1785 probatum

186 1806 243 1877 luit
255 1783 445 1880 Wundero
464 1833 526 1880 nec
544 1807 747 1880 Diodorlic
766 1805 944 1905 displicuit3
961 1831 1023 1878 nec
1040 1805 1171 1878 multum
1190 1805 1297 1893 distat

187 1926 274 2023 quod
296 1925 337 1997 Μ.
358 1924 595 1999 Schmidtius
619 1952 699 1999 sane
722 1926 874 2024 speciose
898 1925 1037 2022 coniecit
1060 1927 1188 2015 (Philet.
1212 1921 1293 1994 XIV.

187 2071 219 2142 p,
236 2045 342 2135 466):
368 2043 610 2138 τοόμμένειν
632 2045 738 2142 λύπῃ
757 2045 874 2138 μόνον.
910 2045 950 2117 At
968 2071 1008 2116 na
1026 2043 1077 2116 his
1096 2042 1221 2140 quidem
1239 2065 1295 2112 sa·

188 2163 255 2234 nari
276 2163 453 2238 orationem
472 2164 628 2238 existimo.
672 2163 763 2238 Licet
780 2165 864 2236 enim
883 2165 923 2236 de
941 2163 1178 2252 lamentatione,
1202 2185 1296 2258 quam

187 2293 221 2352 et
242 2307 387 2379 pungere
411 2296 543 2354 matrem
567 2297 600 2356 et
617 2283 700 2380 patri
724 2295 850 2354 mortuo
873 2295 1041 2379 acceptam
1066 2282 1135 2352 lore
1153 2279 1300 2364 conlidit,

187 2397 314 2471 Electra
329 2427 356 2472 v.
374 2400 558 2491 354‘dicat,
575 2400 617 2472 eb
631 2425 735 2500 eaque
749 2425 921 2498 numquam
935 2425 1011 2473 sese
1025 2400 1185 2474 desistere
1202 2423 1297 2471 assa·

187 2532 286 2610 verat,
309 2517 504 2616 intellegitur
521 2525 639 2610 tamen,
662 2520 704 2592 ob
723 2545 794 2593 eam
813 2520 949 2592 manime
967 2543 1100 2592 causam
1119 2517 1300 2590 lamentati·

187 2663 249 2708 one
268 2662 327 2709 sua
341 2637 494 2735 virginem
514 2638 679 2730 delectari,
696 2640 784 2738 quod
803 2638 1021 2712 necessariam
1039 2638 1124 2710 hanc
1141 2636 1300 2708 existimet

186 2755 228 2826 ad
244 2755 349 2828 officia
368 2756 398 2828 in
418 2769 542 2853 patrem
561 2757 780 2856 exsequenda.
817 2758 963 2856 Apparet
979 2757 1043 2829 hoc
1060 2781 1099 2828 ex
1115 2782 1143 2826 v.
1160 2755 1232 2829 355
1252 2754 1301 2826 lu-

188 2872 346 2946 culenter:
369 2873 467 2946 λυπῶ
491 2875 533 2947 dd
555 2876 707 2967 τούτους,
733 2876 841 2948 ὥστε
867 2881 924 2970 τῷ
945 2873 1161 2972 τεθνηκότι
1184 2875 1303 2968 τιμὰς

154 2989 157 3006 ’
188 2993 453 3086 προσάπτειν.
492 2993 584 3066 Adde
602 3021 631 3066 v.
651 2994 740 3066 341:
761 2993 872 3066 θεινόν
888 2991 931 3086 γέ
946 2991 980 3063 α’
996 2989 1105 3064 οὖσαν
1123 2993 1300 3086 πατρός,

187 3109 229 3183 οὗ
247 3108 290 3184 σθ
308 3113 390 3194 παῖς
405 3106 501 3206 ἔφυς,
519 3110 657 3184 κείνου
674 3111 891 3208 λελῆσθαι,
905 3137 934 3184 u.
951 3110 1039 3191 349:
1057 3109 1145 3204 ἐμοῦ
1162 3109 1205 3182 da
1222 3135 1301 3183 πα-

188 3227 251 3323 τρλ
276 3229 409 3301 πάντα
434 3229 766 3327 τιμωρουμένης,
799 3227 880 3300 οὔτε
906 3227 1134 3322 ξυνέρδεις,
1166 3232 1227 3326 τήν
1260 3254 1299 3302 τε

188 3349 354 3440 δρῶσαν
377 3347 567 3442 ἐκτρέπεις.
614 3348 773 3448 lmprimis
792 3360 916 3446 reputa,
935 3374 1018 3447 quae
1036 3377 1065 3422 v.
1082 3349 1153 3421 367
1173 3375 1223 3448 sq.
1244 3373 1300 3421 ex·

188 3481 290 3540 trema
307 3468 493 3566 pronuntiat
508 3469 695 3542 acerbitatis
712 3467 917 3567 plenissima:
940 3467 1048 3540 καλοῦ
1069 3473 1133 3564 τῆς
1148 3468 1299 3565 μητρός·

187 3584 279 3658 οὕτω
301 3587 370 3681 γὰρ
393 3589 501 3683 φανεῖ
515 3585 684 3669 πλείὸτοις
702 3587 827 3682 κακή,
845 3585 1030 3659 θανόντα
1053 3585 1218 3680 πατέρα
1240 3582 1300 3658 καὶ

186 3706 329 3802 φίλους
345 3707 563 3799 προδοῦσα
580 3707 681 3789 συός;
704 3707 866 3780 concedes
885 3706 1010 3803 opinor,
1033 3730 1096 3778 non
1116 3729 1298 3804 congruere

190 3825 296 3898 animo
315 3825 462 3898 Electrae
475 3825 607 3898 incitato
628 3824 822 3923 pietatisque
835 3825 943 3922 studio
956 3823 1207 3922 flagrantissimo
1221 3849 1301 3898 con·

187 3944 291 4016 silium
311 3942 594 4042 acquiescendi
614 3943 650 4015 in
669 3942 871 4042 uoluptate
889 3942 1199 4016 lamentationis.
1236 3943 1300 4016 De·

187 4063 323 4136 lectatur
345 4062 475 4161 quidem
498 4061 734 4152 lamentatione,
758 4062 818 4136 sod
842 4062 885 4135 ita
908 4059 1096 4152 delectatur,
1120 4073 1156 4134 ut.
1170 4061 1300 4158 pietatis

187 4184 293 4256 officio
312 4182 502 4256 satisfacere
521 4207 593 4256 cum
613 4181 724 4280 primis
743 4181 963 4278 concupiscat.
996 4180 1179 4254 Detestatur
1196 4180 1300 4254 omni·

188 4327 240 4374 um
267 4301 407 4380 maximo
430 4300 552 4373 crimen
580 4299 814 4397 impietatiS,
837 4324 903 4395 quo
929 4323 1075 4372 sororem
1102 4313 1201 4390 notat,
1226 4325 1298 4371 cum
