2914 4820
197 291 245 364 26

198 511 258 584 sibi
278 509 351 582 velit
366 512 432 586 boc
450 511 522 584 loco
542 537 606 582 non
625 462 771 607 apparet.
804 513 917 608 Neque
936 537 1010 583 vero
1029 513 1116 608 quod
1134 514 1310 614 Mainalion

57 679 58 684 κ
198 655 258 726 pro
275 630 333 724 χώ
357 631 562 703 scribendum
587 632 789 728 suspicatur:
813 633 884 718 νόν,
909 629 1078 728 probabile
1101 630 1195 702 duco.
1231 630 1305 702 Mihi
1361 688 1365 696 .

197 749 326 846 quidem
343 750 544 848 aptissimum
563 749 685 820 videtur
703 775 792 821 esse:

126 958 130 963 ¹
316 867 455 968 ροικρὸς
476 867 513 939 τὸ
537 869 646 959 κρῖναι
670 867 782 938 τοῦτ’
804 863 892 962 ἔχει
915 865 1035 948 λοιπὸς
1051 867 1189 962 χρόνος.

198 987 239 1058 cl.
265 987 382 1059 Trach.
413 987 525 1060 1243:
551 987 710 1073 ῦειλοιιος,
737 989 790 1067 ὡς
814 985 855 1067 ἐς
876 987 985 1057 πολλὰ
1013 986 1183 1078 τάπορεῖν
1209 982 1307 1082 ἔχιν.

198 1105 271 1176 Eur.
296 1105 363 1202 lph.
388 1105 457 1176 Aul.
483 1107 575 1178 657:
604 1104 650 1174 τὸ
676 1103 790 1174 όέλειν
817 1104 852 1174 d’
880 1103 943 1175 οῦκ
969 1101 1086 1200 ἔχων
1110 1104 1306 1198 ἀλγύνομαι.

200 1223 327 1320 Fragm.
343 1225 433 1296 613:
447 1222 613 1318 ρῦεζοον·
632 1221 674 1294 τὸ
693 1223 761 1316 γὰρ
774 1221 862 1316 ῦρᾶν
876 1222 939 1294 οῦκ
952 1219 1059 1318 ἔχων
1072 1223 1197 1318 λόγους
1207 1219 1307 1319 ἔχεις.

199 1339 301 1440 Sopb.
318 1342 390 1414 Ant.
407 1345 470 1414 78:
493 1341 536 1413 τὸ
558 1342 600 1413 δὲ
619 1341 680 1440 βίᾳ
703 1344 849 1414 πολιτῶν
871 1345 958 1435 ῦρῦν
980 1339 1066 1438 ἔρον
1083 1343 1308 1438 ἀμήχανος.

199 1462 395 1558 Comparare
413 1461 525 1534 liceret
542 1463 638 1534 etiam
656 1463 741 1534 Eur.
757 1464 772 1533 l
775 1489 802 1535 r.
817 1462 891 1535 ino.
907 1463 994 1553 901,
1010 1464 1051 1534 6:

326 1579 371 1652 οῦ
385 1580 454 1674 γὰρ
472 1579 712 1676 όρόαλιιὸςτῦ
729 1579 853 1673 κρίνειν
870 1576 960 1652 ἔστιν
977 1580 1064 1652 ἀλλὰ
1081 1584 1171 1670 νοῦς,

200 1699 229 1771 si
248 1713 336 1772 certa
355 1713 444 1772 esset
456 1699 589 1771 Nauckii
607 1700 807 1772 coniectura:
819 1698 862 1770 τὸ
879 1699 1001 1792 κρίνειν
1019 1700 1191 1771 ῦονοιτόν
1209 1699 1307 1806 darer,
1443 1709 1444 1734 ¹

201 1844 265 1915 qua
284 1818 397 1890 nescio
415 1844 455 1890 an
475 1818 676 1916 probabilior
694 1819 775 1890 haec
793 1819 835 1891 sit
852 1820 1049 1890 emendatio:

264 1935 306 2008 οῦ
324 1935 393 2030 γὰρ
410 1935 593 2031 όρῦαλρῦς
608 1935 646 2007 τὸ
663 1937 789 2030 κρῖνόν
807 1935 898 2008 ἐστιν
915 1936 1000 2008 ἀλλὰ
1019 1941 1100 2020 νοῦς
1110 1918 1244 2030 μόνος.

87 2149 93 2160 „
204 2056 274 2128 Hoc
296 2055 380 2128 enim
399 2056 486 2153 quod
504 2056 614 2128 addidi
633 2056 822 2129 adiectivum
841 2079 945 2154 prope
963 2057 1180 2129 necessarium
1197 2055 1228 2125 in
1245 2054 1307 2128 bac

203 2199 315 2266 causa,
332 2200 373 2247 ac
389 2174 483 2247 facile
501 2174 707 2248 similitudine
724 2176 943 2247 antecedentis
957 2175 1103 2248 vocabuli
1122 2178 1203 2256 νοῦς
1218 2173 1311 2246 oblit·
1443 2221 1444 2224 =

202 2305 337 2366 temtum
356 2305 415 2364 est.
437 2335 481 2345 -

280 2531 461 2629 aggrediar
479 2532 650 2630 deinceps
679 2533 719 2603 ad
748 2530 869 2629 aliquot
897 2531 988 2605 locos
1015 2532 1155 2630 Oedipi
1182 2531 1309 2628 Regia.

130 2691 133 2697 ·
203 2652 379 2750 Postquam
403 2651 507 2722 Creon
534 2651 614 2748 quid
638 2651 679 2722 ab
703 2649 851 2748 Apolline
876 2639 1041 2750 acceperit
1066 2651 1206 2724 breviter
1231 2650 1312 2721 indi·

204 2772 299 2858 cavit,
321 2769 481 2868 piaculum
504 2796 569 2868 quo
589 2770 721 2843 Thebae
746 2770 914 2842 laedentur
937 2770 1210 2844 exterminandum
1234 2769 1312 2840 urbe

205 2888 469 2985 lustrandumqne
487 2913 572 2979 esse,
589 2887 736 2986 Oedipus
753 2889 931 2985 interrogat

279 3007 370 3080 Oed.
385 3007 505 3079 uua:

336 3125 426 3222 ποίῳ
443 3129 643 3220 καόορρςῦς
663 3123 747 3205 cled
765 3123 896 3217 τρόπος
909 3130 974 3220 τῆς
987 3123 1185 3221 ξυμφορᾶς,

204 3245 291 3342 quod
314 3246 414 3345 miror
436 3244 608 3344 reliquisse
632 3244 739 3317 adhuc
761 3245 964 3339 interpretes.
1001 3247 1073 3332 Quo
1095 3269 1206 3338 penore
1228 3245 1311 3317 enim

205 3363 395 3438 calamitatis
419 3365 531 3437 civitas
550 3379 690 3454 vexetur,
714 3389 777 3437 uon
802 3363 884 3460 fugit
900 3361 1070 3461 Oedipum,
1092 3363 1220 3460 ignorat
1236 3386 1312 3434 vero

205 3489 364 3560 rationem
386 3470 551 3580 capiundi.
593 3487 702 3573 Quare
725 3485 812 3558 haud
839 3485 909 3558 seio
934 3509 975 3557 an
1001 3481 1189 3556 emendetur
1210 3482 1314 3554 oratio

205 3607 267 3679 bae
284 3606 489 3680 coniectura:

335 3723 425 3822 ποίῳ
444 3729 638 3819 καῦοιρμῷ,·
657 3724 741 3807 τόςό
759 3725 891 3817 πόρος
904 3730 969 3820 τῆς
982 3721 1180 3817 ξυμφορᾶς

205 3845 246 3918 cl.
262 3845 335 3918 Eur.
351 3845 419 3918 Alc.
437 3846 526 3918 213:
549 3843 590 3916 ἰὼ
614 3843 697 3933 Ζεῦ,
722 3843 771 3925 τίς
791 3843 833 3915 ἂν
857 3849 934 3924 πῶς
954 3847 1004 3937 πᾷ
1027 3841 1160 3934 πόρος
1178 3845 1315 3911 κακῶν
1443 3845 1444 3852 ’

205 3964 338 4060 γένοιτο
355 3963 414 4038 καὶ
430 3964 527 4046 λύσις
542 3961 689 4060 τόχοιςᾶ
706 3964 852 4056 πάρεστι
868 3961 1060 4054 κοςοόνοιςς
1081 3961 1169 4030 221:
1191 3954 1316 4051 ἔξευρε

201 4086 397 4182 μηχανῶν
413 4083 473 4157 τιν’
485 4083 640 4181 Ἂῦρήτιρ
658 4088 805 4155 κακῶν.
823 4079 865 4154 cl.
879 4079 946 4178 lph.
962 4078 1033 4150 Aul.
1050 4078 1137 4151 356:
1155 4074 1214 4148 τίν’
1228 4075 1315 4148 ἀπο-

201 4207 279 4294 ρῶν
295 4200 392 4300 εὕρω
409 4203 554 4294 πόρον;
571 4201 718 4300 Plluglr.
734 4202 775 4274 ad
793 4201 867 4271 Eur.
886 4199 986 4270 Andr.
1006 4197 1092 4271 536.
1129 4194 1255 4269 TPOJJ
1258 4194 1319 4266 ΟΣ

206 4334 311 4396 autem
330 4331 362 4393 et
380 4319 416 4390 ll
424 4318 553 4392 0P0>3
568 4322 658 4394 vides
675 4343 772 4416 quarn
789 4318 854 4390 sint
870 4315 985 4388 similia
1002 4315 1128 4390 litteris.
