2914 4820
112 259 244 358 “eo

198 507 285 580 Haeo
308 507 422 604 Oedipi
446 487 523 578 'suot
550 508 719 580 metuentis
745 533 785 579 ne
811 534 830 578 a
858 504 1005 603 cognatis
1031 505 1101 587 sois
1124 506 1152 576 vi
1180 507 1309 607 abstra-

197 627 299 696 hatur.
329 628 406 698 Cum
422 625 499 696 nibil
520 626 614 723 igitur
631 627 673 698 de
691 627 852 700 sententio
869 625 973 723 possit
990 625 1138 714 dubitari,
1153 625 1195 698 ita
1211 626 1308 698 verba

197 744 389 842 repugnant,
408 759 440 814 ut
465 769 543 819 sana
569 771 609 818 aa
631 769 706 821 esse
731 771 824 818 neno
847 770 948 816 sanas
970 745 1075 841 possit
1099 744 1306 816 contendere.

197 863 246 934 Ao
267 863 398 935 multum
424 864 488 935 iarn
508 861 638 954 ἄνδρες
653 853 853 958 Σοφόκλεινι
875 864 907 934 in
925 863 1071 936 ourando
1090 861 1220 934 vulnera
1240 887 1311 934 ver·

199 981 260 1054 sati
280 994 364 1070 suot,
390 1007 451 1054 neo
469 995 574 1054 boren
593 982 624 1052 id
643 983 829 1071 elleeerunt,
853 995 885 1053 ut
910 981 1069 1054 medicina
1093 981 1310 1078 supersedere

198 1124 298 1196 posse
317 1095 466 1172 videaris.
504 1099 553 1170 At
571 1101 765 1175 sententiam
786 1101 913 1198 quidem
931 1101 1012 1172 satis
1031 1100 1308 1173 accommodatum

198 1230 251 1292 est
276 1217 363 1314 quod
389 1218 558 1314 proposuit
582 1216 744 1315 Kayser.
771 1225 868 1310 (Aoo.
889 1221 970 1310 phil.
994 1235 1022 1292 ιι
1039 1223 1136 1310 poert.
1153 1217 1223 1290 Vol.
1249 1217 1308 1292 65.

200 1361 232 1433 p.
249 1337 326 1427 27):
351 1335 435 1408 κεῖσ’
458 1333 574 1416 ἄναξ
591 1335 819 1431 χρῄζουσι
835 1359 893 1427 με.
945 1335 1021 1410 ltoro
1049 1336 1077 1408 ei
1105 1336 1254 1410 convenit
1280 1349 1311 1408 et

199 1453 342 1550 Eogeri
357 1453 541 1526 oonieotora
557 1457 689 1544 (Patiar.
705 1453 774 1526 XV.
791 1483 821 1552 p.
835 1453 937 1546 115J:
956 1453 1115 1534 ἀξιοῦσι
1130 1453 1246 1526 κεῖσέ
1259 1477 1312 1546 με

201 1585 233 1643 et
259 1571 441 1643 lleioelrii
466 1571 550 1642 reio'
577 1570 825 1653 ἐπαξινῦσί
840 1595 899 1663 με.
942 1571 1033 1644 Adeo
1054 1597 1132 1644 vero
1159 1570 1311 1648 librorum
1441 1655 1442 1664 ξ

201 1692 381 1788 scripturae
405 1692 487 1762 haec
510 1690 676 1764 dissimilia
700 1705 784 1780 sunt,
803 1705 837 1762 ut
855 1691 1001 1789 potuisse
1019 1715 1098 1762 sane
1117 1704 1246 1787 poetam
1264 1690 1313 1762 sio
1441 1719 1442 1732 ¹

200 1810 345 1883 seribere
368 1810 612 1888 concedendum
634 1811 686 1904 sit,
705 1837 780 1884 vere
800 1810 975 1906 scripsisse
994 1809 1044 1882 vix
1065 1809 1212 1905 cuiquam
1235 1836 1312 1907 per·

124 1957 126 1967 ·
202 1928 352 2000 suadeas,
384 1929 452 2003 Neo
475 1953 545 2000 roeo
570 1942 646 2002 suot
668 1928 709 2002 ita
733 1941 931 2026 comparata,
949 1941 984 2000 ot
1004 1928 1210 2026 dubitationis
1233 1927 1310 1998 nibil
1441 1983 1442 1990 ,

201 2045 338 2144 relinqui
357 2047 511 2137 videatur,
527 2047 661 2120 abduco
680 2047 744 2120 illis
762 2046 990 2145 probabiliora.
1028 2046 1131 2143 Atque
1149 2069 1219 2118 oum
1237 2070 1309 2116 ver·

176 2155 277 2237 lbum
304 2163 428 2258 ἄγειν
454 2167 486 2236 in
512 2166 573 2238 hae
599 2192 698 2238 causa
725 2167 857 2263 saepius
884 2165 1084 2255 adhibeatur,
1110 2177 1144 2238 ut
1169 2191 1197 2235 v.
1223 2163 1311 2236 657:

202 2281 267 2354 οἷδ’
289 2283 360 2378 ἐγώ
383 2308 424 2353 σε
443 2286 494 2378 μή
519 2307 591 2354 τινα
614 2283 749 2356 ἐνθένδ’
770 2283 983 2364 stadfort?
1000 2281 1112 2375 ἄνδρα
1130 2281 1221 2374 πρὸς
1233 2280 1313 2378 βίαν

203 2401 290 2494 ἐμοῦ
308 2415 341 2474 at
358 2427 385 2472 v.
408 2402 498 2474 662:
516 2400 570 2472 κεί
584 2401 666 2472 δείν’
684 2401 897 2497 ἐπερρώσθη
916 2399 1026 2494 λέγειν
1046 2409 1109 2498 τῆς
1123 2408 1192 2498 σῆς
1206 2401 1313 2494 ἀμω-

202 2527 291 2617 μῆς,
310 2520 469 2617 suspicari
489 2521 610 2617 possis,
628 2503 804 2617 soripsisse
823 2533 972 2618 poetam:

353 2640 458 2721 κεῖνοι
472 2637 625 2730 Ινομίζειν
649 2638 734 2710 κεῖθ’
760 2636 865 2720 ἄναξ
888 2636 1039 2719 ἅξουσί
1055 2662 1115 2731 με,

204 2783 264 2832 neo
282 2757 386 2828 minus
405 2759 609 2830 commodum
629 2739 728 2830 leret:
747 2831 749 2840 ,

356 2877 458 2944 κεῖνοι
483 2874 629 2966 κομίζειν
651 2875 738 2946 κεῖν’
760 2874 865 2956 ἄναξ
888 2875 1039 2970 ἥξουσί
1055 2900 1103 2966 με

204 2994 243 3066 ol.
269 2993 350 3066 Oed.
375 2992 442 3066 Col.
469 2994 525 3064 12.
555 2993 745 3085 μανθάνειν
771 2993 839 3087 γὰρ
865 2993 1005 3087 ἥκομεν.
1045 2993 1154 3072 Mattb.
1179 2996 1233 3066 Gr.
1257 2997 1311 3066 Gr.

204 3137 237 3209 p.
256 3111 364 3185 1234.
399 3109 467 3184 Sed
494 3124 528 3182 ut
554 3135 595 3182 ne
622 3111 749 3208 longius
776 3111 934 3200 aberrem,
959 3111 1107 3184 oodiourn
1134 3115 1313 3212 scripturae

205 3230 383 3328 proximum
402 3229 524 3304 videtur
542 3250 635 3302 esse:
806 3241 809 3248 ’

355 3349 457 3419 κεῖνοι
481 3343 626 3440 νομιΐειν
651 3347 734 3418 raio’
757 3347 1082 3440 ἀναμπάσνιισί
1098 3373 1146 3441 με

204 3468 237 3540 h.
258 3493 286 3540 e.
311 3493 359 3552 me
382 3470 536 3561 arripient
557 3484 593 3540 ιιι
616 3471 692 3562 illoc
714 3471 880 3540 θιιιιιιιιιιι.
919 3468 959 3539 ol.
982 3469 1029 3538 Pl
1035 3467 1145 3566 luglr.
1167 3468 1209 3540 ad
1238 3468 1310 3542 Eur.

205 3587 282 3659 ileo.
304 3587 387 3660 206.

280 3824 371 3897 Oed.
388 3823 464 3916 Col.
481 3828 570 3898 842:
588 3824 685 3907 πόλις
700 3823 884 3919 ἐναζοεται,
900 3827 996 3909 πόλις
1012 3824 1080 3919 ἐμὰ
1097 3824 1239 3898 σθένει

588 3943 742 4042 πμόβαθ
760 3943 834 4016 ὥθέ
847 3969 919 4038 μοι.

204 4063 304 4135 Recte
317 4061 536 4135 Meinekius
554 4063 596 4136 ad
614 4065 645 4136 h.
662 4063 682 4136 l.
698 4078 730 4138 et
748 4090 805 4138 eos
820 4064 1021 4162 vituperavit,
1039 4064 1092 4162 qui
1106 4063 1313 4161 Hartuogii
1441 4125 1442 4158 p

204 4182 465 4279 obtemperantes
483 4182 603 4254 iudicio
620 4182 738 4254 σθένει
756 4175 1000 4280 ουιῐιπρόβαθ
1016 4180 1090 4254 aas
1102 4206 1163 4274 μοι
1180 4183 1314 4255 ooniun-
1441 4173 1442 4220 t

205 4301 346 4398 gendum
367 4325 445 4372 esse
468 4313 622 4390 statuunt,
649 4314 682 4372 et
709 4325 819 4372 eorum
849 4300 1039 4398 improbavit
1067 4297 1233 4391 rationem,
1261 4299 1314 4396 qui
