2914 4820
208 533 258 606 ΕΙ.
279 532 370 604 165:
393 531 521 604 τάλαιν’
538 532 755 628 ἀνύμφευτος
770 532 844 604 αἰὲν
862 531 977 628 οἰχνῶ,

303 647 322 740 J
392 649 541 747 δάκρυσι
553 651 727 744 μυδαλέα,
745 650 802 724 τὸν
819 650 987 746 ἀνήνυτον

247 773 257 794 ’
393 765 505 842 οἶτον
522 765 654 865 ἔχουσα
670 775 854 844 κακῶν·Δ

134 891 166 962 tn
186 889 246 979 his,
264 915 348 987 quae
364 888 506 986 graviter
523 888 639 962 afflicta
658 889 792 962 offundit
809 888 947 976 Electra,
965 883 1055 962 οἶτον
1070 927 1112 952 —.
1130 891 1247 957 κακῶν

134 1035 161 1080 ν.
181 1008 250 1080 167
272 1008 313 1080 de
334 1006 473 1088 miseriis
496 1029 580 1102 quoe
602 1007 798 1104 obtigisseut
815 1005 929 1104 virgini
953 1005 1144 1078 insolentius
1163 1030 1247 1102 poe·

134 1139 200 1200 tam
223 1125 356 1216 dixisse,
383 1138 471 1198 recte
493 1125 618 1198 videtur
640 1124 857 1199 Meinokius
880 1123 971 1196 Anat.
993 1151 1025 1222 p.
1047 1124 1116 1198 251
1138 1123 1247 1196 existi-

137 1263 241 1316 mare:
259 1269 330 1316 eam
347 1244 430 1316 enim
448 1267 523 1316 esse
542 1243 637 1316 huius
655 1243 825 1318 locutionis
842 1239 948 1335 (circo
961 1237 1065 1337 ἔχειν)
1081 1243 1247 1332 rationem,

139 1376 173 1434 ut
188 1362 336 1459 genetivo
355 1362 383 1434 is
401 1362 571 1454 iudicetur,
586 1363 679 1434 ouius
696 1375 817 1436 sortem
835 1361 952 1458 aliquis
971 1361 1091 1434 habere
1110 1362 1245 1436 dicatur.
1384 1363 1390 1374 ’

134 1480 179 1554 Ex
197 1481 248 1554 his
267 1480 362 1578 igitur
379 1482 539 1578 augustiis
557 1494 591 1554 ut
608 1506 646 1554 se
664 1481 825 1578 expediat,
842 1479 885 1554 itu
904 1481 1044 1555 tortasse
1061 1482 1181 1554 rectius
1199 1480 1248 1554 to-

135 1623 208 1672 cum
231 1598 384 1695 explicari
409 1598 461 1674 itte
485 1612 585 1698 putat,
610 1612 643 1674 ut
669 1602 825 1689 „Electra
846 1602 1060 1697 maleficorum
1082 1603 1248 1672 dirissimis
1276 1675 1279 1686 „

133 1720 244 1810 poenis
260 1720 469 1790 coerciturum
484 1735 600 1790 sorum
616 1743 648 1790 sc
665 1721 781 1790 habero
798 1720 917 1792 dicot.“
955 1718 996 1790 At
1014 1718 1075 1792 ista
1094 1717 1248 1816 perplexa

138 1835 292 1908 orationis
314 1836 518 1934 ambiguitas,
540 1861 624 1933 quae
646 1837 849 1912 coniicieudo
873 1836 1035 1910 laboriose
1058 1837 1247 1934 explicanda

136 1967 196 2045 est,
214 1979 287 2026 com
305 1954 466 2053 elegantia
484 1953 671 2052 Sophoclea
687 1945 909 2028 mihi'videtur
926 1955 1126 2028 discordare.
1158 1956 1248 2041 Qua·

136 2083 271 2170 propter
297 2074 338 2144 ab
364 2073 555 2148 emendandi
583 2072 729 2171 periculo
756 2071 891 2148 salutem
920 2086 1032 2169 petere
1059 2072 1155 2164 mato,
1185 2073 1246 2144 nisi

137 2191 222 2262 torto
233 2189 429 2289 Sophoclem
445 2219 465 2264 a
483 2193 645 2266 communi
662 2191 896 2266 cousuetudine
914 2191 1087 2266 deflexisse
1105 2205 1247 2266 statuero

138 2321 291 2405 praestat
332 2311 472 2398 Quodsi
491 2309 658 2402 nonlicet,
680 2311 752 2384 vide
770 2335 812 2382 an
831 2309 939 2384 omnia
956 2311 1247 2409 expedianturhac

135 2427 335 2508 coniectura:
689 2427 747 2504 τὸν
772 2429 939 2527 ἀνήνυτον
1062 2440 1064 2444 ’

476 2541 594 2623 ὄτλον
619 2547 752 2647 ἔχουσα
776 2553 904 2621 κακῶν.

211 2786 261 2858 ut.
274 2789 363 2860 277:
377 2785 445 2858 ἀλλ’
456 2787 579 2880 ὥσπερ
594 2786 807 2881 ἐγγελῶσα
820 2787 891 2866 τοῖς
901 2779 1182 2877 ποιουμένοις,

380 2905 548 2998 εὑροῢσ’
565 2904 698 3002 ἐκείνην
715 2903 865 3002 ἡμέραν,
883 2903 921 2978 ἐν
938 2900 964 3001 ᾖ
979 2903 1059 2976 τότε

379 3023 517 3118 πατέρα
534 3023 592 3098 τὸν
610 3021 699 3116 ἀμὸν
716 3021 757 3094 ἐκ
774 3021 880 3096 δόλου
894 3021 1112 3112 κατέκτανεν,

270 3143 360 3216 2803
378 3142 485 3238 ταύτῃ
497 3141 634 3238 χοροὺς
648 3139 756 3238 ἵστησι
772 3141 841 3214 κτλ.

135 3261 295 3334 Incertum
318 3273 380 3352 est,
402 3287 477 3333 num
500 3261 684 3354 εὑροῦσα
702 3298 747 3314 --
767 3258 917 3357 ἡμὲραν,
940 3260 971 3332 h.
988 3287 1016 3333 e.
1036 3278 1133 3334 nocto
1150 3262 1247 3354 diem,

135 3394 225 3459 recte
238 3405 276 3454 se
290 3381 417 3472 habeat,
435 3393 469 3454 ut
486 3381 542 3478 qui
559 3405 662 3478 nuper
679 3381 722 3452 ds
739 3380 803 3452 hoc
820 3379 894 3452 loco
911 3378 1086 3476 disputavit
1099 3378 1247 3454 Moine-

136 3497 225 3571 kius
243 3503 354 3589 (Δασῑ.
375 3527 407 3598 p.
430 3499 519 3589 254)
538 3524 617 3572 suae
635 3497 870 3572 emendationis
889 3501 1076 3592 τηροῦσα
1095 3504 1139 3589 (v.
1156 3501 1246 3589 278)

136 3618 349 3715 patrocinium
371 3620 441 3693 iure
463 3619 652 3716 suscepisse
670 3619 829 3706 videntum
852 3641 1046 3715 quamquam
1068 3617 1182 3690 nescio
1204 3625 1269 3690 an*

135 3737 382 3833 praeterendum
405 3738 465 3812 sit:
486 3735 609 3830 ὁρῶσ’
632 3735 765 3834 ἐκεινου
787 3735 935 3833 ἡμέραν,
958 3735 1027 3806 κτλ.
1053 3735 1094 3810 ol.
1110 3735 1191 3809 Oed.
1207 3737 1246 3810 R.

135 3855 221 3930 8312
234 3856 287 3951 μὴ
305 3857 395 3954 δῆτα
414 3899 458 3909 —-
478 3852 604 3949 ἴδοιμι
621 3854 747 3953 ταύτην
765 3853 942 3952 ἡμέραν·
969 3853 1082 3953 Neque
1096 3879 1173 3928 vero
1191 3881 1248 3929 ce·

135 3988 204 4048 tera
223 3989 339 4050 vacant
356 3975 546 4068 ofsensione,
564 3999 648 4074 quae
667 4001 731 4048 non
749 3975 794 4046 ita
810 3975 987 4046 Mciocicios
1005 3973 1196 4064 enucleavit,
1214 3989 1248 4050 ut

135 4091 342 4166 difficultates
360 4095 537 4168 removisse
556 4095 710 4166 videatur.
743 4093 825 4166 Dicit
843 4092 928 4166 enim
946 4095 1034 4175 τοῖς
1048 4093 1247 4187 ποιουμέ-

136 4235 223 4295 νοις
251 4213 321 4302 „de
343 4213 383 4284 iis
407 4212 624 4311 intellegenda
650 4237 737 4303 esse,
759 4237 840 4307 quoe
864 4237 934 4284 com
957 4215 1097 4286 maxime
1122 4217 1246 4306 Clytae-

135 4348 274 4404 mnestra
288 4338 405 4423 υρυι;“1
420 4333 569 4431 idemque
583 4333 646 4405 iam
656 4333 694 4404 G.
703 4330 882 4406 Woltiios
896 4344 1062 4423 statuerat,
1076 4334 1131 4431 qui
1144 4355 1247 4421 „crot-

1046 4466 1079 4517 2.
