2914 4820
203 283 247 350 18

123 483 131 496 ’
201 497 285 569 ῑῶτοι
304 499 488 596 subscripto
502 500 684 574 sexcenties
700 513 807 572 natum
820 501 871 591 sit,
890 502 953 572 hoc
967 502 1109 574 videmur
1128 503 1313 574 coniectura

78 687 81 694 ,
202 617 369 713 consequi,
399 630 529 714 poetam
552 619 725 715 scripsisse
749 619 837 716 quod
862 645 957 690 unurn
980 620 1021 692 ad
1044 621 1235 692 sententiam
1258 645 1316 692 ac·

202 736 530 808 commodatissimum
548 750 617 808 est:
635 734 685 818 ὃς
700 737 741 808 ἂν
759 739 913 834 ποιήσῃ
932 739 962 808 lr.
980 765 1008 809 e.
1027 741 1203 832 quintoque
1219 741 1315 832 societ
1437 745 1438 776 ³

202 853 269 926 Sed
288 855 455 926 videamus
468 853 594 927 cetera.
626 856 715 928 Nova
735 857 820 928 enim
838 856 1008 928 dillionltas
1027 857 1169 930 nascitur
1188 881 1226 930 ex
1245 880 1317 928 ver·

204 972 253 1042 bis
275 974 437 1063 extremis,
461 1000 544 1071 quae
568 976 598 1046 in
623 975 678 1048 La.
694 977 744 1048 sic
767 977 889 1072 scripta
912 989 1001 1060 sunt:
1019 975 1192 1072 χοῃστὸς
1211 971 1316 1071 ἕσῃι,

203 1089 235 1183 γ’
252 1103 358 1160 autern
372 1091 515 1164 additum
528 1119 570 1164 m.
587 1106 664 1184 ant,
680 1095 764 1165 unde
778 1096 942 1166 Noncltius
956 1093 1096 1191 collegit,
1110 1094 1317 1168 scribendum

204 1211 343 1280 lortasse
362 1221 454 1282 ess'e:
473 1211 631 1308 χρηστὸς
650 1214 794 1307 φανεῖ.
831 1211 967 1304 Sedhis
986 1225 1049 1284 non
1069 1213 1168 1286 deleri
1187 1211 1318 1283 labecu-

205 1326 278 1413 lam,
302 1353 365 1423 qua
388 1329 553 1426 inquinata
572 1331 716 1404 videatur
739 1331 853 1422 oratio,
877 1331 970 1404 lacile
993 1329 1173 1427 intelleges,
1195 1331 1221 1402 si
1246 1331 1318 1427 qui·

206 1446 279 1516 dem
308 1472 391 1543 quae
417 1447 617 1545 Agamemno
645 1451 851 1546 respondeat,
883 1444 1066 1546 diligentius
1093 1449 1313 1547 perpenderis.

206 1564 264 1636 llic
282 1566 367 1636 enirn
385 1566 427 1638 do
445 1571 566 1640 maiore
580 1572 725 1666 beneficio
744 1567 893 1665 loquitur,
907 1569 994 1666 qnod
1009 1569 1043 1638 in
1055 1567 1176 1640 Ulixem
1194 1569 1220 1639 si
1239 1593 1318 1666 pos·

206 1683 249 1754 sit
272 1685 419 1755 conferre
442 1698 574 1781 paratus
598 1687 650 1777 sit,
669 1687 760 1758 euius
785 1687 913 1784 quidem
938 1686 1084 1761 benolioii
1108 1686 1175 1759 sive
1196 1688 1320 1785 gratiae

206 1803 237 1870 in
258 1803 480 1899 superioribus
499 1807 617 1877 mentio
636 1805 824 1878 lactanulla
843 1819 911 1894 est3
929 1805 1100 1877 admodum
1119 1819 1223 1876 autem
1241 1828 1319 1900 pro·

207 1921 313 1992 babile
328 1935 388 2010 est,
406 1921 560 1994 habuisse
578 1923 830 2021 Agamemnonis
844 1925 1033 2010 orationem,
1051 1949 1115 2020 quo
1129 1936 1201 2019 apte
1215 1922 1318 1990 reler-

99 2125 102 2131 .
206 2053 303 2111 retur.
336 2040 431 2126 Quod
449 2065 513 2111 non
532 2041 748 2132 desiderares,
767 2043 796 2114 si
814 2042 912 2116 Ulixis
930 2043 1033 2114 oratio
1052 2043 1102 2114 sio
1120 2041 1315 2114 conlormata

207 2172 311 2234 esset:

361 2273 408 2357 ὃς
421 2276 465 2348 ἂν
482 2280 638 2373 ποιήσῃ,
657 2278 770 2350 πάντ’
787 2274 869 2373 ἔχω
883 2280 1009 2371 χάριν
1025 2277 1072 2370 γε’
1089 2302 1169 2364 σοι,
1437 2357 1438 2368 ¹

144 2448 146 2456 .
208 2394 249 2466 el.
273 2394 389 2494 Trach.
415 2396 508 2468 338:
534 2395 665 2467 τούτων
690 2391 762 2490 ἔχω
789 2395 858 2488 γὰρ
884 2393 996 2464 πάντ’
1021 2393 1212 2488 ἐπιστήμην
1237 2390 1321 2485 ἐγώ.

209 2513 289 2587 Phil.
307 2514 370 2588 99:
393 2515 468 2606 ὁρῶ
488 2513 631 2612 βροτοῖς
651 2514 712 2610 τήν
734 2513 892 2606 γλῶσσαν
912 2555 956 2566 --
976 2512 1098 2586 πάνθ’
1115 2509 1321 2609 ἡγουμένην.

210 2634 307 2708 Wex.
322 2634 365 2705 ad
384 2632 455 2704 Ant.
475 2633 557 2706 195.
590 2631 658 2716 Sed
680 2658 722 2704 ne
744 2633 829 2704 iusto
853 2631 981 2729 longius
1003 2632 1156 2704 aberrare
1173 2631 1321 2703 videare

209 2750 362 2824 librorum
385 2752 557 2848 scriptura,
581 2751 735 2825 leniorem
757 2751 906 2849 praefero
929 2751 1145 2823 mutationem.
1183 2744 1328 2820 XPHCT

210 2873 295 2942 enirn
315 2867 408 2942 lacile
428 2885 535 2942 natum
553 2886 604 2943 est
621 2897 661 2942 ex
677 2869 845 2958 XAPICF,
868 2873 901 2941 in
921 2869 1021 2942 eCHl
1034 2883 1140 2944 autem
1159 2869 1258 2939 latere
1277 2865 1323 2934 vi·

139 2979 142 2994 ¹
212 2990 305 3062 detur
322 3002 377 3060 aut
396 2986 481 3060 &CH
492 3002 549 3060 aut
565 2987 648 3076 loll,
668 3001 701 3060 ut
718 2988 926 3060 scribendum
943 2989 986 3061 sit

386 3104 433 3188 ὃς
453 3106 495 3177 ἂν
517 3107 674 3202 ποιήσῃ,
697 3111 856 3202 πανταχῇ
868 3107 995 3201 χοῖρος
1009 3129 1055 3200 γε
1076 3107 1145 3200 σή,

291 3241 361 3300 aut:
388 3224 434 3309 ὃς
454 3226 496 3297 ἂν
519 3229 675 3323 ποιήσῃ,
699 3231 860 3322 πανταχῇ
871 3225 998 3321 χάρις
1017 3224 1050 3321 γ’
1069 3223 1145 3320 ἴση.

210 3347 252 3421 οΙ.
267 3349 341 3418 Eur.
358 3348 422 3419 lon.
441 3347 529 3418 646:
551 3343 615 3442 ἴσῃ
639 3346 708 3440 γὰρ
731 3349 754 3442 ή
773 3347 907 3442 χάρις.

211 3468 252 3538 At
276 3467 360 3537 unde
384 3466 513 3537 tandem
536 3478 641 3537 ortum
664 3466 705 3536 sit
728 3464 806 3536 illud
837 3462 900 3553 00,
929 3488 992 3536 non
1017 3461 1123 3560 liquet.
1171 3461 1322 3534 Nimirum

206 3587 313 3681 χάρις
327 3585 361 3678 γ’
378 3607 551 3683 perperam
568 3575 763 3656 commutato
781 3583 812 3654 in
826 3607 953 3679 χρῃστ,
978 3607 1081 3679 prope
1099 3605 1235 3654 necesse
1253 3592 1323 3652 erat

211 3703 330 3800 corrigi
344 3703 509 3800 χρῃστός,
529 3727 593 3800 quo
613 3701 698 3772 lacto
716 3701 808 3773 metri
827 3726 926 3772 causa
944 3701 1086 3774 additum
1103 3700 1148 3795 γ’.
1181 3698 1275 3785 Quod
1294 3697 1321 3766 si
1437 3779 1438 3782 Ἴ

212 3823 317 3892 rninus
336 3821 525 3910 credideris,
540 3821 611 3891 vide
627 3844 725 3915 quam
744 3819 837 3892 facile
854 3817 907 3892 00
921 3832 996 3893 ante
1011 3817 1063 3890 60
1078 3819 1152 3890 addi
1171 3815 1323 3915 potuerit:

214 3939 261 4010 Uti
281 3939 454 4012 similitudo
473 3939 558 4012 enirn
576 3936 754 4010 litterarum
771 3963 873 4035 saepe
891 3937 1008 4028 ellecit,
1022 3950 1055 4010 ut
1072 3963 1155 4034 quae
1175 3937 1224 4008 bis
1243 3935 1325 4010 scri·

213 4059 318 4132 benda
342 4072 412 4131 erat
434 4057 570 4155 syllaba,
594 4056 695 4130 semel
712 4057 919 4146 scriberetur,
943 4057 992 4128 sic
1010 4069 1121 4128 contra
1140 4058 1258 4128 lactum
1275 4067 1327 4126 est

214 4203 464 4274 nonnumquam.
1244 4265 1250 4276 N

290 4297 377 4368 llaec
395 4297 552 4368 hactenus
570 4296 611 4366 de
629 4295 762 4386 Aiace,
781 4309 911 4366 transeo
929 4297 970 4367 ad
989 4294 1190 4370 Electram.
