2900 4834
199 315 269 384 108

195 532 294 620 ducit,
312 530 453 604 monenti
473 532 518 603 ei:

328 649 475 747 βάκτρῳ
494 673 514 717 o
504 645 684 738 ἐρείιλου
702 651 878 742 περιφερῆ
896 646 1011 747 στίβον
1023 645 1174 741 χθονός·

196 767 376 865 respondet

160 965 163 972 ‚
272 886 348 956 ton
359 887 453 956 744:
466 882 639 954 καὶτοῦτο
653 883 787 978 τυφλόν,
807 882 908 954 ὅταν
926 881 1008 976 ἐγὼ
1025 881 1167 980 βλέπω
1185 881 1323 980 βραχύ,

197 1003 285 1100 quod
300 1027 328 1072 si
320 1000 455 1072 liceret
469 1013 674 1072 convertere.
693 1007 776 1072 ααυλι
794 1005 883 1072 das
870 986 910 1072 ist
928 1003 1050 1072 blindan
1066 1003 1094 1070 Τ
1091 1025 1205 1092 oppea,
1219 1005 1323 1070 dean

74 1132 81 1147 ‘
195 1123 280 1191 mein
298 1120 420 1188 attat
408 1135 447 1188 ut
465 1121 556 1205 Iturz,
579 1119 622 1188 uti
641 1118 668 1188 H
675 1119 885 1214 artungius
903 1117 990 1207 fecit,
1014 1143 1218 1215 nequaquam
1237 1117 1323 1190 hae-

196 1239 338 1310 sitarem.
375 1235 468 1306 Nunc
492 1226 569 1306 vero
596 1261 654 1331 per
682 1235 872 1332 particulam
898 1233 1006 1307 ὅταν
1032 1253 1097 1306 non
1125 1235 1209 1308 ticet.
1245 1233 1321 1305 Non

196 1357 282 1426 idem
312 1354 396 1425 enim
423 1351 506 1422 ὅταν
529 1350 612 1424 valet
638 1353 725 1448 quod
752 1352 827 1424 ὅτε
835 1406 846 1443 ,
874 1354 934 1425 sed
958 1354 1006 1424 iis·
1022 1353 1118 1424 etiem
1142 1352 1236 1442 locis,
1264 1351 1323 1422 ubi

195 1497 342 1544 causae
361 1471 408 1542 vis
426 1471 457 1540 in
476 1468 531 1542 illo
549 1469 707 1542 vocabulo
730 1471 840 1544 inesse
858 1470 1015 1561 videatur,
1037 1495 1109 1542 eum
1128 1468 1323 1566 temporis

196 1590 336 1688 quadam
351 1588 588 1686 significatione
603 1613 675 1659 eam
689 1589 894 1689 coniunctam
908 1587 1094 1660 esse'secile
1109 1587 1322 1684 intellegitur3

197 1709 238 1779 ct.
254 1706 356 1779 Thuc.
378 1707 400 1797 t,
418 1709 500 1796 141,
519 1706 561 1778 5:
581 1707 680 1800 μάχῃ
699 1705 766 1798 μὲν
788 1707 858 1799 χιλρ
877 1710 942 1801 μιᾷ
964 1705 1056 1798 πρὸς
1075 1703 1321 1786 ἅπανταςἝλ·

195 1830 304 1920 ληνας
326 1821 466 1894 donoro?
489 1823 759 1918 Πελοποννήσιοι
789 1821 848 1896 καλ
879 1824 915 1894 οἱ
941 1823 1112 1918 ξύμμαχοι
1140 1823 1321 1917 ἀντισχεῖν,

194 1942 355 2033 πολεμεῖν
385 1941 427 2012 δὲ
452 1941 504 2036 μὴ
536 1939 627 2032 πρὸς
654 1941 776 2032 ὁμοίαν
807 1939 1109 2036 ἀντιπαρασκευὴν
1140 1941 1318 2032 ἀδύνατοι,

195 2059 294 2131 ὅταν
313 2060 406 2153 μήτε
427 2057 668 2156 βουλευτηρίῳ
693 2057 744 2131 ἑνλ
760 2060 940 2154 χρώμεναι
957 2059 1179 2155 παραχρῆμά
1196 2083 1226 2130 τι
1243 2059 1322 2141 ὀξέ-

194 2199 249 2258 ιυς
265 2175 445 2250 ἐπιτελῶσι
461 2175 529 2245 κτλ.
561 2177 644 2265 142,
665 2178 702 2246 1:
725 2167 891 2270 Μέγιστον
914 2175 957 2248 δὲ
978 2181 1106 2272 τῇτῶν
1122 2177 1321 2274 χρημάτων

195 2296 318 2364 σπάνει
343 2293 565 2380 κωλύσανται,
588 2292 688 2364 ὅταν
710 2297 821 2390 σχολῇ
838 2295 927 2366 αὐτὰ
945 2295 1163 2387 ποριζόμενοι
1180 2295 1320 2387 διαμέλ-

194 2413 289 2481 λυνσι.
338 2409 482 2481 Pericles
501 2411 585 2481 enim
605 2411 683 2481 nihil
700 2412 788 2482 alittd
808 2414 869 2484 nisi
888 2413 1043 2486 affirmat:
1068 2413 1137 2484 fieri
1155 2438 1220 2484 non
1238 2437 1322 2510 pos-

195 2553 244 2619 se,
264 2541 297 2598 ut
314 2526 546 2624 Peloponnesii
564 2553 632 2599 rem
651 2528 735 2600 bene
753 2544 879 2626 gerent,
898 2532 1081 2628 quamdiu
1101 2555 1165 2602 uno
1184 2544 1322 2603 careant

196 2644 351 2718 consilio:
375 2657 473 2742 atque
491 2645 600 2742 inopia
619 2647 778 2743 pecuniae
791 2648 932 2720 :eosdem
951 2648 1110 2745 impediri,
1133 2647 1321 2744 quamdiu

196 2762 359 2834 difficilem
366 2762 514 2850 ‚habeant
527 2763 736 2859 pecuniarum
751 2765 1033 2861 conquisitionem.
1066 2767 1322 2838 Praesentem

193 2873 291 2976 igitur
308 2905 417 2951 rerum
435 2893 552 2950 statum
572 2879 739 2971 describit,
767 2907 831 2953 non
850 2903 923 2953 eum
943 2883 1085 2979 quidem,
1112 2883 1182 2981 qui
1206 2905 1321 2954 corn·
1445 2979 1446 2984 ἵ

194 2999 351 3068 mutari
371 3023 450 3068 non
470 2999 620 3094 possit.
652 2997 765 3096 Longe
783 2989 881 3070 secus
901 3025 955 3072 res
974 3013 1025 3072 est
1043 3001 1117 3073 looo
1130 2999 1319 3098 Euripiden,
1445 2991 1446 3016 λ

194 3116 317 3213 quippe
335 3140 401 3212 quo
420 3140 520 3186 senex
537 3115 753 3187 infirmitatem
772 3116 938 3188 oculorum
958 3117 1056 3207 dicat,
1085 3142 1148 3215 qua
1172 3117 1322 3189 soleat
1445 3151 1446 3160 ι

196 3231 357 3322 laborare,
380 3257 420 3304 ac
444 3257 508 3303 non
532 3257 615 3322 eam,
643 3258 707 3328 qua
734 3258 783 3304 eo
810 3233 907 3330 ipso
934 3247 1097 3306 tantum
1123 3247 1330 3332 tempore·

199 3351 335 3421 forsitan
359 3349 600 3446 impediatur.
600 3349 683 3422 Hinc
701 3350 825 3422 videtur
848 3350 944 3441 effici,
968 3364 1002 3421 ut
1020 3353 1095 3423 vitio
1120 3378 1184 3423 non
1208 3365 1323 3423 careat
1445 3445 1446 3448 Ἴ

197 3467 302 3539 oratio
324 3467 524 3564 paedagogi3
550 3479 648 3565 atque
672 3467 880 3539 intercidisse
903 3469 1042 3540 arbitror
1065 3483 1142 3566 post
1159 3469 1282 3564 τυφλθ
1290 3467 1326 3540 Ν

193 3583 317 3656 litteras
344 3583 412 3654 ΟΜ
416 3582 452 3654 Μ
456 3635 467 3673 ,
492 3583 631 3680 quodsi
656 3585 820 3676 statueris,
850 3586 936 3658 hano
962 3588 1098 3660 hebebis
1125 3587 1320 3664 sententiam

195 3726 414 3775 communem:

306 3818 365 3891 καὶ
392 3843 493 3890 τουτο
519 3818 654 3914 τυφλόν,
682 3817 780 3912 ὄμ
739 3843 768 3913 μ
804 3819 888 3894 ὅταν
911 3822 1045 3921 βλέπῃ
1069 3823 1217 3928 βραχύ.

192 3937 351 4010 Hautem
374 3950 407 4010 et
426 3936 455 4007 o
477 3961 579 4033 saepe
602 3938 759 4034 permixta
783 3952 868 4030 sunt,
895 3940 1133 4072 deperditoque
1159 3918 1319 4014 vocabulo
1445 4013 1446 4016 ,

193 4053 321 4147 ὄμμα,
350 4079 528 4154 pronomen
557 4053 656 4150 ἐγώ,
687 4060 775 4189 quod
802 4084 885 4131 unus
912 4059 1053 4157 quisque
1079 4061 1189 4150 sentit,
1221 4084 1320 4157 quam
1445 4071 1446 4080 ’

193 4175 326 4247 sithoc
353 4172 427 4246 loco
454 4174 565 4247 debile
592 4187 689 4272 atque
716 4176 822 4268 inane,
847 4202 1053 4251 numerorum
1076 4202 1176 4250 causa
1201 4191 1320 4275 postea

195 4290 344 4360 intertum
367 4305 427 4362 est.
