2900 4834
1202 302 1250 373 95

131 526 221 600 796:
243 522 313 597 taor
336 524 369 596 δ’
387 491 517 618 ἀνδρὸς
537 525 636 621 ρι’λον
660 525 776 595 πῶλον
798 521 889 595 εὖνιν
912 520 1042 614 ζυγέντ’
1064 519 1102 592 ἑν
1125 519 1256 613 ἅρματι

131 644 304 740 πημάτων
325 641 365 732 ἐν
388 643 532 737 δρόμῳ
556 640 759 734 προστιθεὶς
774 640 914 734 μέτρον.

213 879 363 952 Heracl.
383 880 473 952 693:
856 976 858 982 Α

289 1001 346 1078 ὡς
356 997 414 1092 μὴ
428 1002 637 1088 μενοῦντα
651 997 763 1069 τᾶλλα
783 1021 839 1069 σοι
854 997 966 1091 λέγειν
984 998 1094 1091 παρα.

134 1115 222 1188 llaec
241 1115 284 1188 ita
302 1114 412 1188 solent
427 1115 602 1212 explicare,
615 1130 650 1190 nt
663 1114 821 1187 Elmslei
841 1113 1065 1194 anctoritatem
1082 1116 1186 1187 secuti
1204 1119 1258 1195 ὡς

129 1233 182 1328 se>
200 1236 380 1324 [reveritos
398 1257 457 1330 pro
480 1231 676 1304 accusativis
701 1233 841 1305 babeant
863 1233 1034 1304 absolutis.
1075 1233 1144 1305 Nec
1168 1257 1257 1330 nego

133 1349 172 1420 iis
194 1350 326 1447 quidem
351 1348 444 1438 locis,
471 1351 590 1448 quibus
609 1375 687 1421 usus
705 1349 879 1422 Elmsleius
898 1364 949 1422 est
966 1352 1010 1422 ad
1028 1351 1255 1423 stabiliendam

134 1468 327 1540 sermotiem
350 1471 456 1555 'suam
484 1469 569 1540 banc
600 1467 847 1565 explicationem
879 1491 956 1540 esse
987 1480 1251 1540 consentaneam.

134 1585 191 1656 llis
209 1609 286 1657 vero
304 1596 395 1682 quae·
408 1598 583 1658 tractamus
602 1582 775 1683 Euripidiis
794 1585 849 1656 illc
868 1585 1004 1656 artifieio
1024 1583 1129 1658 lucem
1147 1586 1254 1657 allerri

135 1725 341 1800 nequaquam
354 1701 510 1774 adducor.
540 1703 682 1774 Primum
696 1703 781 1774 enim
795 1703 911 1774 iustam
926 1727 989 1774 non
1003 1703 1097 1774 video
1111 1727 1255 1793 causam,

135 1845 196 1892 cnr
219 1834 349 1917 postam
372 1821 430 1916 μὴ
452 1823 637 1912 μενοῦντα,
661 1845 703 1892 ac
726 1846 790 1894 non
814 1819 863 1890 οὐ
880 1824 1053 1911 ρενοῢντα
1077 1821 1258 1918 scripsisse

136 1951 298 2035 putamus,
326 1939 414 2034 qnod
438 1938 547 2034 ipsum
574 1938 730 2034 scriptum
759 1938 905 2010 ridemus
932 1939 1028 2010 Rbea.
1057 1941 1145 2010 144:
1176 1939 1256 2008 odl-

135 2078 257 2148 mrroc
277 2053 390 2151 αὐδὴν
412 2056 619 2146 προσδοκῶν
643 2054 845 2147 καραδόκει,
872 2057 925 2135 ὡς
946 2055 994 2126 οὐ
1012 2058 1187 2146 μενοῦντα
1206 2056 1253 2147 ρ’.

138 2174 260 2246 Deinde
282 2197 385 2270 aegre
406 2197 586 2270 pronomen
611 2172 693 2265 ἐμέ
716 2173 930 2263 desideratur,
948 2175 1035 2268 qued
1060 2173 1254 2245 Badbam.

139 2293 239 2389 prael.
259 2293 301 2364 ed
320 2291 387 2363 lon.
408 2317 440 2388 p.
457 2289 510 2362 lX.
531 2291 693 2363 invenisse
712 2291 774 2363 sibi
793 2291 961 2362 videbatur
979 2315 1052 2362 cum
1070 2317 1134 2388 pro
1150 2289 1257 2360 τᾶλλα

140 2410 315 2482 scriberet:
340 2407 463 2500 τάμά,
488 2409 666 2482 orationem
686 2423 804 2506 poetae
823 2409 968 2481 tribuens
987 2423 1039 2482 sat
1057 2409 1259 2505 impeditam3

137 2528 222 2599 idem
241 2527 550 2599 anteru'iamdudurn
565 2527 751 2600 coniecerat
769 2527 939 2623 Reisigi
951 2551 1007 2596 us.
1052 2525 1156 2622 Atque
1176 2526 1258 2598 baec

138 2646 210 2742 ipsa
229 2643 431 2717 llirchbol
438 2646 451 2714 l
456 2644 536 2715 ium
556 2645 702 2716 videntur
719 2644 907 2740 adduxisse,
927 2656 960 2715 ut
978 2657 1192 2739 proponeret:
1209 2644 1263 2724 ὥς

135 2763 176 2856 ρ’
197 2763 246 2834 ot’t
263 2766 435 2854 μενοῦντα
457 2762 526 2834 κτλ.
561 2764 764 2859 Quamquam
784 2785 824 2832 ne
842 2761 905 2832 bac
923 2761 1052 2856 quidem
1072 2762 1260 2832 coniectura

139 2882 277 2953 alllictus
295 2880 390 2964 locus
408 2879 556 2966 sanatur;
578 2893 680 2951 restat
702 2879 786 2951 euim
810 2878 897 2951 aliud
921 2878 1170 2967 incommodum,
1188 2891 1263 2978 ‘quo

140 2998 411 3072 vehementerille
426 2997 567 3070 laborate
582 2999 821 3070 sententiam
837 2999 912 3072 dico
925 2998 1097 3070 admodum
1113 3020 1262 3069 mancam

140 3131 176 3190 et
192 3117 438 3205 claudicantem,
456 3141 541 3214 quae
560 3117 637 3213 ipsa·
650 3115 747 3204 illam,
766 3140 862 3213 quarn
883 3118 980 3188 modo
998 3115 1142 3204 rebitavi,
1162 3115 1262 3186 inter·

142 3234 333 3332 prelationis
352 3235 433 3306 viam
459 3235 660 3331 nescioquo
684 3247 780 3330 pacto
804 3257 864 3305 nos
884 3246 968 3306 vetat
990 3233 1126 3330 ingredi.
1155 3231 1262 3305 lolaus

143 3353 226 3424 enim
247 3377 319 3424 curn
339 3352 430 3423 dicit:
448 3356 544 3441 „licet
562 3355 619 3424 tibi
636 3377 822 3444 capremorc
840 3355 969 3422 οολονοιι
987 3351 1064 3448 quid
1083 3351 1203 3422 sentiat
1219 3350 1263 3422 ita

144 3495 208 3540 non
236 3469 350 3566 aperit,
379 3482 413 3540 ut
433 3495 518 3566 quae
536 3469 747 3541 confirmandi
766 3491 866 3540 causa
885 3468 1007 3541 addere
1025 3469 1097 3566 ipse
1115 3480 1263 3565 putator:

144 3591 198 3668 ὡς
214 3587 266 3681 μὴ
286 3592 460 3678 μενοῦντα
477 3586 526 3660 vel
550 3587 603 3668 ὥς
618 3586 653 3678 ρ’
675 3586 717 3657 οὐ
737 3591 921 3691 μενοῦντα,
942 3611 1006 3658 uon
1021 3586 1162 3657 habeant
1175 3584 1264 3683 qued

145 3706 345 3777 confirment.
389 3706 491 3778 Recte
508 3707 653 3776 nimirum
673 3706 763 3778 senis
782 3706 978 3804 procederet
996 3702 1112 3794 oratio,
1135 3703 1163 3774 si
1181 3703 1264 3774 baec

144 3822 200 3895 ille
215 3824 355 3898 diceret:
373 3819 479 3892 τᾶλλα
502 3821 638 3904 ἄλλως
654 3822 704 3894 vel
726 3821 852 3920 ἀτελῆ
877 3820 958 3894 ὄντα
976 3819 1087 3914 λέγειν
1105 3845 1160 3892 σοι
1176 3821 1264 3912 πάρ-

145 3964 232 4026 εστι,
254 3940 274 4011 i.
292 3966 321 4012 e.
339 3965 401 4032 per
415 3965 466 4011 me
487 3943 556 4011 licet
581 3943 637 4012 tibi
659 3943 759 4011 centia
781 3946 861 4012 dore
882 3945 994 4014 verbo:
1017 3953 1103 4011 o'unc
1122 3964 1199 4010 vero
1222 3937 1266 4008 ita

146 4070 198 4129 est
224 4058 384 4128 sententia
413 4058 611 4154 imperfecta,
638 4071 671 4126 at
698 4058 871 4130 obscurius
896 4061 1057 4157 significet
1083 4057 1193 4155 potius
1218 4055 1267 4126 lo-

147 4175 276 4272 quentis
291 4174 472 4264 consilinm,
486 4199 582 4272 qoam
597 4175 694 4246 animi
708 4199 841 4248 sensum
854 4191 967 4274 aperte
982 4176 1148 4275 exprimat.
1175 4174 1267 4259 Quae

148 4317 221 4364 cum
239 4294 285 4364 ita
304 4293 378 4382 sint,
393 4294 457 4363 hoc
474 4317 573 4364 unum
591 4292 790 4390 relinquitur,
810 4309 842 4366 ut
860 4322 878 4367 a
898 4297 1105 4368 coniecturae
1123 4291 1268 4365 remedio
