2914 4820
235 559 237 571 ·
292 530 334 604 ob
361 532 430 626 γὰρ
458 532 556 616 πόσις
580 549 617 604 τε
642 532 705 615 σὸς
729 534 843 605 πόνων
865 531 1067 627 μετέσχετε,

290 649 333 722 σι)
356 650 423 744 μὲν
448 651 644 746 λόγοισιν,
672 653 692 723 ὁ
718 652 760 724 δὲ
784 649 893 745 δορὸς
918 649 1103 746 προθυμίᾳ.

141 771 212 842 Νου
229 773 328 864 specie
345 770 442 860 enim,
458 770 508 842 val
525 775 721 844 sermonibus
737 784 858 844 tantum
877 769 1075 842 laborantem
1094 770 1174 842 dicit
1191 771 1256 842 He·

39 981 40 986 ῃ
141 889 257 978 lenam,
271 889 330 960 sed
350 891 467 961 acoleia
484 876 757 984 contumeliorum,
771 891 806 965 id
821 890 908 987 quod
927 889 1033 962 elucet
1050 913 1089 960 ex
1107 889 1146 960 iis
1165 889 1255 987 ipsiS,

25 1045 35 1090 ι,
140 1033 224 1104 quae
243 1008 329 1079 idem
346 1008 435 1079 addit
454 1009 581 1080 nonnus
600 1035 627 1081 ν.
645 1011 719 1081 720
737 1035 804 1106 sq.:
882 1075 890 1086 .

294 1124 358 1196 οὐκ
383 1124 454 1217 ἄρα
480 1127 628 1222 γέροντα
655 1127 793 1221 πατέρα
819 1125 878 1199 καὶ
903 1125 1079 1219 Διοσκόρω

14 1299 15 1302 ,
293 1239 474 1339 ᾔσχυνας
497 1243 573 1318 obd'
593 1242 752 1339 ἔδρασας
775 1243 831 1346 οία
857 1245 1025 1342 κλῄζεται.
1119 1309 1125 1322 ,

13 1343 30 1467 ’ῑ
146 1362 186 1434 σί.
203 1389 230 1433 ν.
247 1361 318 1434 926
338 1379 387 1459 sq.
408 1377 441 1435 et
457 1390 486 1436 ν.
506 1365 598 1437 1291
621 1390 687 1462 sq.:
711 1367 753 1462 ἣν
771 1364 804 1436 d’
815 1361 949 1438 ‘Euda’
965 1359 1059 1444 ἔλθω
1082 1363 1141 1436 καί
1162 1365 1254 1461 τύχω

28 1548 30 1559 ,
139 1479 325 1578 σωτηρίας,
349 1481 474 1553 παύσω
494 1483 626 1581 ᾠόχου
645 1508 686 1555 σε
704 1467 764 1556 τοῦ
782 1482 870 1576 πρίν,
894 1484 938 1581 ἢν
954 1484 1039 1581 roob
1060 1483 1155 1580 χένῃ,
1180 1482 1255 1555 οἵαν

28 1574 30 1635 5
139 1599 303 1694 γενέσθαι
315 1602 390 1696 χρή
409 1624 452 1671 σε
467 1607 524 1697 σῷ
541 1601 733 1700 ξυνευνέτῃ.
770 1603 1035 1675 Commutandum
1054 1603 1149 1697 igitur
1167 1604 1267 1700 quod'

29 1694 30 1711 ί
141 1719 276 1790 oonsilio
290 1718 389 1792 nuntii
404 1720 508 1792 minus
523 1734 775 1794 consentaneum
789 1734 840 1794 est
851 1720 996 1816 λόγοισιν
1010 1721 1040 1793 in
1056 1720 1253 1820 ψύχουσιν.

214 1955 317 2029 diac.
336 1957 433 2029 1368
451 1983 540 2055 sqq.:
961 2007 965 2019 -

273 2075 340 2146 ΑΓ.
352 2073 412 2148 σὸν
431 2073 504 2168 ἄρα
522 2075 678 2172 τοῦργον,
697 2075 762 2150 οὐκ
780 2075 863 2170 ἐμὸν
881 2077 1095 2173 κεκλήσεται.
1135 2133 1137 2137 .

279 2192 339 2265 ΟΔ.
353 2197 411 2276 ὡς
421 2193 463 2266 ἂν
476 2196 671 2292 ποιήσῃς,
690 2200 849 2291 πανταχῇ
858 2195 1017 2292 χρῃστό
1023 2219 1043 2278 ς
1053 2194 1086 2290 χ’
1098 2190 1179 2267 ἔσει.

144 2311 254 2384 1370:
272 2311 337 2384 ΑΓ.
350 2305 419 2383 ἀλλ’
436 2309 476 2384 εὔ
495 2335 537 2408 χε
549 2307 668 2406 μέντοι
685 2312 776 2386 τοῦτ’
793 2312 962 2403 ἐπίστασ’,
981 2316 1034 2397 ὡς
1046 2313 1118 2409 ἐγὼ
1174 2341 1176 2350 ’

348 2428 403 2502 σοί
411 2430 478 2524 μὲν
492 2431 623 2526 νέμοιμ’
636 2433 679 2506 ἂν
693 2435 800 2531 τῆσδε
811 2431 870 2505 καί
878 2433 987 2526 μείζω
996 2436 1112 2530 χάριν.

137 2550 319 2622 Admodum
337 2551 414 2621 nihil
432 2551 463 2621 in
482 2551 545 2624 bac
563 2552 707 2626 oratione
725 2552 766 2624 ab
785 2552 1015 2650 interpretibus
1033 2554 1126 2626 video
1150 2553 1252 2626 oden-

14 2701 16 2732 ι
139 2693 211 2739 sum
229 2693 316 2758 esse,
335 2693 434 2766 quam
451 2684 540 2742 recte
558 2695 595 2742 sa
613 2671 735 2744 babere
753 2696 817 2742 uon
836 2672 946 2743 credo.
984 2673 1063 2742 Cum
1080 2671 1253 2769 Agamem-

141 2811 206 2857 non
224 2787 307 2859 enim
325 2813 362 2860 se
379 2789 509 2885 quidem
527 2788 643 2860 dixerit
660 2814 680 2858 a
697 2786 862 2885 sepultura
879 2787 996 2860 Aiacis
1010 2787 1149 2862 alienum
1172 2789 1252 2880 fore,

140 2929 373 2977 concessurum
391 2918 496 2978 tamen
516 2931 592 2979 esse
606 2905 696 2996 Ulixi,
709 2906 751 2996 is‚'
763 2923 921 3000 aaronque
938 2907 1041 3004 inquit
1056 2911 1165 3005 (omer,
1182 2909 1204 2980 i.
1220 2935 1250 2981 e.

137 3027 201 3096 ιιύε
218 3027 284 3118 ipre
302 3028 486 3120 αρρτειίὶετο
502 3007 708 3121 sepultorem,
725 3029 789 3098 sice
807 3029 907 3099 alium
925 3031 985 3099 boo
1003 3031 1141 3125 officium
1153 3051 1252 3122 μιαι-

137 3159 223 3216 olore
243 3170 309 3216 oon
325 3147 522 3238 prohibebis,
549 3139 798 3240 otique'probus
820 3149 891 3218 eris.
936 3145 980 3218 Ab
1002 3145 1173 3220 obscurius
1196 3171 1252 3218 ex·

24 3234 26 3297 ³
139 3287 288 3358 pressam
305 3287 381 3335 esse
399 3263 483 3335 hanc
501 3263 692 3338 sententiam
709 3289 773 3336 non
792 3277 901 3361 potest
918 3265 1043 3364 negari:
1062 3265 1179 3337 deinde
1193 3263 1253 3336 ali·

140 3393 293 3476 quantum
310 3381 471 3454 claudicat
488 3383 657 3474 sententia,
680 3383 831 3478 quoniam
849 3382 1048 3480 Agamemno
1066 3384 1139 3480 ipse
1157 3407 1257 3458 omne¹
1304 3431 1307 3441 s

138 3497 324 3596 sepulturae
342 3499 481 3573 officium
500 3500 596 3571 modo
614 3514 781 3574 aversatus
800 3515 859 3574 est.
888 3502 982 3600 Apte,
995 3503 1022 3574 si
1041 3515 1130 3575 recte
1148 3501 1252 3598 sapio,

138 3617 201 3688 boc
218 3619 433 3715 responderet
451 3618 575 3692 Ulixes:
598 3619 683 3692 ἀλλὰ
701 3619 760 3692 καὶ
777 3619 891 3702 οὕτως
900 3619 1059 3718 χρῃστὸς
1073 3618 1156 3693 ἔσει.
1195 3620 1252 3692 Νἰ-

27 3826 28 3832 ¹
137 3734 251 3806 mirum
271 3761 334 3808 non
354 3735 395 3808 da
412 3739 538 3810 ratione
556 3739 695 3836 quadam
712 3754 809 3837 atque
826 3743 880 3813 oia
898 3741 1037 3812 officium
1053 3739 1252 3837 exsequendi

29 3866 31 3945 j
136 3853 253 3950 agitur,
276 3855 335 3927 sed
358 3855 400 3928 de
423 3860 548 3929 bomine
569 3857 624 3954 qui
647 3871 851 3954 exsequatur.
884 3859 931 3930 An
949 3885 990 3945 ne
1009 3858 1162 3932 librorum
1181 3858 1253 3955 qui·
1304 3871 1306 3874 ’

137 3971 212 4043 dem
229 3975 424 4068 testimonio,
447 4001 531 4076 quae
549 3976 646 4075 vulgo
669 3977 817 4069 eduntur,
840 3977 883 4049 ita
906 3978 1093 4050 confirmata
1116 3991 1201 4069 sunl,
1220 3989 1254 4048 ut

136 4089 294 4190 religione
318 4095 457 4194 quadam
479 4096 708 4192 prohibeamur
729 4121 769 4169 ea
791 4094 984 4194 relinquere.
1031 4097 1062 4168 {u
1087 4095 1141 4168 La.
1168 4097 1252 4168 enim

26 4220 29 4239 '
135 4237 177 4282 m.
194 4237 243 4308 pr.
260 4214 415 4311 scriptum
434 4230 484 4287 est
501 4237 710 4312 ποιῃσεισ,
726 4241 766 4287 ao
784 4240 824 4288 m.
841 4228 906 4288 ant.
922 4238 1003 4314 ποιῃ
1014 4240 1065 4311 σῃ
1076 4242 1115 4305 σ,
1135 4214 1252 4286 deinde

26 4374 28 4409 ,
136 4331 167 4401 in
190 4332 306 4404 eodem
331 4335 446 4407 codice
470 4360 588 4432 m.=pr..
603 4360 667 4406 non
692 4337 745 4417 ὡς
765 4335 825 4406 sed
847 4333 954 4406 doo’.
988 4337 1066 4406 Cum
1082 4361 1157 4406 vero
1175 4360 1199 4404 σ
1214 4359 1252 4405 ex

1051 4471 1066 4519 2
