<?xml version="1.0" encoding="UTF-8"?>
<!DOCTYPE html PUBLIC "-//W3C//DTD XHTML 1.0 Transitional//EN"
    "http://www.w3.org/TR/xhtml1/DTD/xhtml1-transitional.dtd">
<html xmlns="http://www.w3.org/1999/xhtml" xml:lang="en" lang="en">
 <head>
  <title>
</title>
<meta http-equiv="Content-Type" content="text/html;charset=utf-8" />
  <meta name='ocr-system' content='tesseract 3.04.00' />
  <meta name='ocr-capabilities' content='ocr_page ocr_carea ocr_par ocr_line ocrx_word'/>
</head>
<body>
  <div class='ocr_page' id='page_1' title='image "./analectasophocl00schmgoog_0093.png"; bbox 0 0 2900 4834; ppageno 0'>
   <div class='ocr_carea' id='block_1_1' title="bbox 177 319 224 388">
    <p class='ocr_par' dir='ltr' id='par_1_1' title="bbox 177 319 224 388">
     <span class='ocr_line' id='line_1_1' title="bbox 177 319 224 388; baseline 0 0"><span class='ocrx_word' id='word_1_1' title='bbox 177 319 224 388; x_wconf 83' lang='lat'><strong>82</strong></span> 
     </span>
    </p>
   </div>
   <div class='ocr_carea' id='block_1_2' title="bbox 181 527 1311 1923">
    <p class='ocr_par' dir='ltr' id='par_1_2' title="bbox 181 527 1311 1923">
     <span class='ocr_line' id='line_1_2' title="bbox 181 527 1305 632; baseline -0.008 -23"><span class='ocrx_word' id='word_1_2' title='bbox 181 535 210 609; x_wconf 79' lang='grc' dir='ltr'><strong>τ’</strong></span> <span class='ocrx_word' id='word_1_3' title='bbox 227 533 391 630; x_wconf 72' lang='grc' dir='ltr'><em>ἀσφαλὴς</em></span> <span class='ocrx_word' id='word_1_4' title='bbox 405 533 504 632; x_wconf 66' lang='lat' dir='ltr'><strong>pilo&lt;</strong></span> <span class='ocrx_word' id='word_1_5' title='bbox 520 532 618 604; x_wconf 75' lang='grc' dir='ltr'><em>πόλει</em></span> <span class='ocrx_word' id='word_1_6' title='bbox 634 531 665 602; x_wconf 75' lang='grc' dir='ltr'><strong>τ’</strong></span> <span class='ocrx_word' id='word_1_7' title='bbox 682 532 877 624; x_wconf 78' lang='grc' dir='ltr'><em>ἀρεστός,</em></span> <span class='ocrx_word' id='word_1_8' title='bbox 897 531 950 604; x_wconf 93' lang='lat' dir='ltr'><strong>ubi</strong></span> <span class='ocrx_word' id='word_1_9' title='bbox 970 532 1000 604; x_wconf 86' lang='lat' dir='ltr'><strong>in</strong></span> <span class='ocrx_word' id='word_1_10' title='bbox 1020 530 1110 603; x_wconf 86' lang='lat' dir='ltr'><strong>libris</strong></span> <span class='ocrx_word' id='word_1_11' title='bbox 1124 529 1208 602; x_wconf 90' lang='lat' dir='ltr'><strong>idem</strong></span> <span class='ocrx_word' id='word_1_12' title='bbox 1223 527 1305 600; x_wconf 88' lang='lat' dir='ltr'><strong>illud</strong></span> 
     </span>
     <span class='ocr_line' id='line_1_3' title="bbox 181 650 1029 746; baseline -0.005 -22"><span class='ocrx_word' id='word_1_13' title='bbox 181 650 355 746; x_wconf 79' lang='grc' dir='ltr'><em>ἄριστος</em></span> <span class='ocrx_word' id='word_1_14' title='bbox 379 663 494 724; x_wconf 76' lang='lat' dir='ltr'><strong>exstat.</strong></span> <span class='ocrx_word' id='word_1_15' title='bbox 1024 695 1029 702; x_wconf 93' lang='lat'><strong>·</strong></span> 
     </span>
     <span class='ocr_line' id='line_1_4' title="bbox 256 765 1303 842; baseline -0.006 0"><span class='ocrx_word' id='word_1_16' title='bbox 256 768 360 842; x_wconf 86' lang='lat' dir='ltr'><strong>Simili</strong></span> <span class='ocrx_word' id='word_1_17' title='bbox 385 767 532 840; x_wconf 89' lang='lat' dir='ltr'><strong>lahacnla</strong></span> <span class='ocrx_word' id='word_1_18' title='bbox 555 768 720 842; x_wconf 78' lang='lat' dir='ltr'><strong>foedatum</strong></span> <span class='ocrx_word' id='word_1_19' title='bbox 743 781 795 842; x_wconf 75' lang='lat' dir='ltr'><strong>est</strong></span> <span class='ocrx_word' id='word_1_20' title='bbox 817 767 1020 842; x_wconf 79' lang='lat' dir='ltr'>Menandri</span> <span class='ocrx_word' id='word_1_21' title='bbox 1056 769 1092 840; x_wconf 83' lang='lat' dir='ltr'><strong>lr.</strong></span> <span class='ocrx_word' id='word_1_22' title='bbox 1115 765 1303 839; x_wconf 70' lang='lat' dir='ltr'><strong>inauuvl.</strong></span> 
     </span>
     <span class='ocr_line' id='line_1_5' title="bbox 182 887 359 976; baseline -0.017 -18"><span class='ocrx_word' id='word_1_23' title='bbox 182 889 234 976; x_wconf 81' lang='grc'><strong>(4,</strong></span> <span class='ocrx_word' id='word_1_24' title='bbox 253 887 359 976; x_wconf 78' lang='grc'>269);</span> 
     </span>
     <span class='ocr_line' id='line_1_6' title="bbox 346 1002 1128 1100; baseline 0.003 -28"><span class='ocrx_word' id='word_1_25' title='bbox 346 1003 486 1100; x_wconf 77' lang='grc' dir='ltr'><em>γνώμην</em></span> <span class='ocrx_word' id='word_1_26' title='bbox 512 1002 705 1098; x_wconf 85' lang='grc' dir='ltr'><em>ἀρίστην</em></span> <span class='ocrx_word' id='word_1_27' title='bbox 730 1007 773 1098; x_wconf 78' lang='grc' dir='ltr'><strong>τῇ</strong></span> <span class='ocrx_word' id='word_1_28' title='bbox 798 1003 931 1096; x_wconf 75' lang='grc' dir='ltr'><em>γυναικί</em></span> <span class='ocrx_word' id='word_1_29' title='bbox 944 1005 1003 1100; x_wconf 74' lang='grc' dir='ltr'><strong>,μὴ</strong></span> <span class='ocrx_word' id='word_1_30' title='bbox 1029 1003 1128 1100; x_wconf 56' lang='grc' dir='ltr'><em>λέγε·</em></span> 
     </span>
     <span class='ocr_line' id='line_1_7' title="bbox 347 1119 1076 1216; baseline 0.003 -26"><span class='ocrx_word' id='word_1_31' title='bbox 347 1119 468 1214; x_wconf 83' lang='grc' dir='ltr'><em>γνώμη</em></span> <span class='ocrx_word' id='word_1_32' title='bbox 486 1120 555 1213; x_wconf 78' lang='grc' dir='ltr'><strong>γὰρ</strong></span> <span class='ocrx_word' id='word_1_33' title='bbox 574 1119 640 1215; x_wconf 72' lang='grc' dir='ltr'><strong>ἰδίᾳ</strong></span> <span class='ocrx_word' id='word_1_34' title='bbox 658 1119 696 1190; x_wconf 82' lang='grc' dir='ltr'><strong>τὸ</strong></span> <span class='ocrx_word' id='word_1_35' title='bbox 714 1119 823 1192; x_wconf 81' lang='grc' dir='ltr'><em>κακὸν</em></span> <span class='ocrx_word' id='word_1_36' title='bbox 839 1121 960 1216; x_wconf 74' lang='grc' dir='ltr'><em>ἡδέως</em></span> <span class='ocrx_word' id='word_1_37' title='bbox 975 1125 1076 1208; x_wconf 82' lang='grc' dir='ltr'><em>πσιεῖ,</em></span> 
     </span>
     <span class='ocr_line' id='line_1_8' title="bbox 185 1237 1142 1334; baseline 0.002 -26"><span class='ocrx_word' id='word_1_38' title='bbox 185 1239 227 1310; x_wconf 83' lang='lat' dir='ltr'><strong>uti</strong></span> <span class='ocrx_word' id='word_1_39' title='bbox 247 1249 337 1334; x_wconf 74' lang='lat' dir='ltr'><strong>palei</strong></span> <span class='ocrx_word' id='word_1_40' title='bbox 354 1261 394 1310; x_wconf 85' lang='lat' dir='ltr'><strong>ex</strong></span> <span class='ocrx_word' id='word_1_41' title='bbox 413 1237 546 1310; x_wconf 80' lang='lat' dir='ltr'><strong>Philam.</strong></span> <span class='ocrx_word' id='word_1_42' title='bbox 563 1263 647 1309; x_wconf 89' lang='lat' dir='ltr'><strong>cum.</strong></span> <span class='ocrx_word' id='word_1_43' title='bbox 664 1239 782 1313; x_wconf 70' lang='lat' dir='ltr'><strong>lmine.</strong></span> <span class='ocrx_word' id='word_1_44' title='bbox 803 1237 968 1310; x_wconf 83' lang='lat' dir='ltr'><strong>LXXVIH.</strong></span> <span class='ocrx_word' id='word_1_45' title='bbox 989 1242 1041 1330; x_wconf 74' lang='grc'><strong>(4,</strong></span> <span class='ocrx_word' id='word_1_46' title='bbox 1059 1241 1142 1329; x_wconf 77' lang='grc'><strong>58);</strong></span> 
     </span>
     <span class='ocr_line' id='line_1_9' title="bbox 342 1351 1103 1452; baseline 0.011 -32"><span class='ocrx_word' id='word_1_47' title='bbox 342 1351 489 1451; x_wconf 82' lang='grc' dir='ltr'><em>,γνώμην</em></span> <span class='ocrx_word' id='word_1_48' title='bbox 506 1356 696 1452; x_wconf 81' lang='grc' dir='ltr'><em>πονηρὰν</em></span> <span class='ocrx_word' id='word_1_49' title='bbox 713 1360 756 1450; x_wconf 73' lang='grc' dir='ltr'><strong>τῇ</strong></span> <span class='ocrx_word' id='word_1_50' title='bbox 773 1355 905 1449; x_wconf 69' lang='grc' dir='ltr'><em>γυναικί</em></span> <span class='ocrx_word' id='word_1_51' title='bbox 918 1357 970 1452; x_wconf 80' lang='grc' dir='ltr'><strong>μὴ</strong></span> <span class='ocrx_word' id='word_1_52' title='bbox 988 1356 1103 1428; x_wconf 74' lang='lat' dir='ltr'><strong>abac·</strong></span> 
     </span>
     <span class='ocr_line' id='line_1_10' title="bbox 351 1471 1157 1568; baseline 0 -24"><span class='ocrx_word' id='word_1_53' title='bbox 351 1471 505 1568; x_wconf 80' lang='grc' dir='ltr'><em>ἐλαφρὸν</em></span> <span class='ocrx_word' id='word_1_54' title='bbox 523 1472 561 1544; x_wconf 80' lang='grc' dir='ltr'><strong>τὸ</strong></span> <span class='ocrx_word' id='word_1_55' title='bbox 579 1472 682 1567; x_wconf 79' lang='grc' dir='ltr'><em>γένος</em></span> <span class='ocrx_word' id='word_1_56' title='bbox 698 1475 768 1568; x_wconf 72' lang='grc' dir='ltr'><strong>γάρ</strong></span> <span class='ocrx_word' id='word_1_57' title='bbox 787 1473 858 1545; x_wconf 80' lang='grc' dir='ltr'><em>ἐστι</em></span> <span class='ocrx_word' id='word_1_58' title='bbox 875 1473 934 1546; x_wconf 78' lang='grc' dir='ltr'><strong>καὶ</strong></span> <span class='ocrx_word' id='word_1_59' title='bbox 950 1473 1025 1546; x_wconf 83' lang='grc' dir='ltr'><em>λίαν</em></span> <span class='ocrx_word' id='word_1_60' title='bbox 1041 1473 1157 1546; x_wconf 76' lang='grc' dir='ltr'>κακόν.</span> 
     </span>
     <span class='ocr_line' id='line_1_11' title="bbox 187 1591 1305 1690; baseline 0 -28"><span class='ocrx_word' id='word_1_61' title='bbox 187 1594 296 1690; x_wconf 87' lang='lat' dir='ltr'><strong>lpsnm</strong></span> <span class='ocrx_word' id='word_1_62' title='bbox 319 1604 427 1663; x_wconf 80' lang='lat' dir='ltr'><strong>aulam</strong></span> <span class='ocrx_word' id='word_1_63' title='bbox 448 1591 513 1664; x_wconf 84' lang='lat' dir='ltr'><strong>hnc</strong></span> <span class='ocrx_word' id='word_1_64' title='bbox 533 1592 722 1687; x_wconf 79' lang='grc' dir='ltr'><em>πονηράν</em></span> <span class='ocrx_word' id='word_1_65' title='bbox 735 1593 875 1666; x_wconf 79' lang='lat' dir='ltr'><strong>coniecit</strong></span> <span class='ocrx_word' id='word_1_66' title='bbox 897 1593 1101 1665; x_wconf 86' lang='lat' dir='ltr'><strong>Dobraeus</strong></span> <span class='ocrx_word' id='word_1_67' title='bbox 1120 1591 1200 1664; x_wconf 86' lang='lat' dir='ltr'><strong>Adv.</strong></span> <span class='ocrx_word' id='word_1_68' title='bbox 1220 1593 1255 1664; x_wconf 90' lang='lat' dir='ltr'><strong>H.</strong></span> <span class='ocrx_word' id='word_1_69' title='bbox 1272 1619 1305 1689; x_wconf 90' lang='lat' dir='ltr'><strong>p.</strong></span> 
     </span>
     <span class='ocr_line' id='line_1_12' title="bbox 188 1707 1311 1807; baseline -0.002 -25"><span class='ocrx_word' id='word_1_70' title='bbox 188 1711 273 1799; x_wconf 82' lang='lat'><strong>291,</strong></span> <span class='ocrx_word' id='word_1_71' title='bbox 297 1710 437 1804; x_wconf 78' lang='grc' dir='ltr'><em>γνώμην</em></span> <span class='ocrx_word' id='word_1_72' title='bbox 459 1707 657 1803; x_wconf 78' lang='grc' dir='ltr'><em>κακίστην</em></span> <span class='ocrx_word' id='word_1_73' title='bbox 680 1709 880 1782; x_wconf 80' lang='lat' dir='ltr'><strong>Heinsius.</strong></span> <span class='ocrx_word' id='word_1_74' title='bbox 917 1709 1070 1784; x_wconf 70' lang='lat' dir='ltr'><strong>Neutrum</strong></span> <span class='ocrx_word' id='word_1_75' title='bbox 1089 1733 1167 1781; x_wconf 81' lang='lat' dir='ltr'><strong>vero</strong></span> <span class='ocrx_word' id='word_1_76' title='bbox 1186 1709 1311 1807; x_wconf 86' lang='lat' dir='ltr'><strong>proba-</strong></span> 
     </span>
     <span class='ocr_line' id='line_1_13' title="bbox 186 1824 639 1923; baseline -0.002 -27"><span class='ocrx_word' id='word_1_77' title='bbox 186 1827 269 1913; x_wconf 86' lang='lat' dir='ltr'><strong>bile;</strong></span> <span class='ocrx_word' id='word_1_78' title='bbox 286 1826 493 1897; x_wconf 86' lang='lat' dir='ltr'><strong>scribendum</strong></span> <span class='ocrx_word' id='word_1_79' title='bbox 512 1824 639 1923; x_wconf 86' lang='lat' dir='ltr'><strong>polius:</strong></span> 
     </span>
    </p>
   </div>
   <div class='ocr_carea' id='block_1_3' title="bbox 187 1940 1248 2158">
    <p class='ocr_par' dir='ltr' id='par_1_3' title="bbox 187 1940 1248 2158">
     <span class='ocr_line' id='line_1_14' title="bbox 352 1940 1248 2039; baseline 0 -25"><span class='ocrx_word' id='word_1_80' title='bbox 352 1944 492 2039; x_wconf 82' lang='grc' dir='ltr'><em>γνώμην</em></span> <span class='ocrx_word' id='word_1_81' title='bbox 506 1941 722 2039; x_wconf 82' lang='grc' dir='ltr'><em>ἄχρηστον</em></span> <span class='ocrx_word' id='word_1_82' title='bbox 735 1947 779 2038; x_wconf 80' lang='grc' dir='ltr'><strong>τῇ</strong></span> <span class='ocrx_word' id='word_1_83' title='bbox 791 1967 922 2038; x_wconf 71' lang='lat' dir='ltr'><strong>punam</strong></span> <span class='ocrx_word' id='word_1_84' title='bbox 913 1941 983 2038; x_wconf 78' lang='grc' dir='ltr'><strong>μὴ</strong></span> <span class='ocrx_word' id='word_1_85' title='bbox 997 1941 1079 2036; x_wconf 78' lang='grc' dir='ltr'><em>λέγε</em></span> <span class='ocrx_word' id='word_1_86' title='bbox 1093 1940 1248 2036; x_wconf 71' lang='grc' dir='ltr'><em>(νέρελ)</em></span> 
     </span>
     <span class='ocr_line' id='line_1_15' title="bbox 187 2060 846 2158; baseline 0.002 -25"><span class='ocrx_word' id='word_1_87' title='bbox 187 2063 258 2133; x_wconf 88' lang='lat' dir='ltr'><strong>Nou</strong></span> <span class='ocrx_word' id='word_1_88' title='bbox 278 2087 352 2134; x_wconf 85' lang='lat' dir='ltr'><strong>raro</strong></span> <span class='ocrx_word' id='word_1_89' title='bbox 371 2061 455 2134; x_wconf 86' lang='lat' dir='ltr'><strong>enim</strong></span> <span class='ocrx_word' id='word_1_90' title='bbox 474 2060 656 2158; x_wconf 84' lang='lat' dir='ltr'><strong>Xpropter</strong></span> <span class='ocrx_word' id='word_1_91' title='bbox 672 2061 724 2134; x_wconf 80' lang='grc' dir='ltr'><strong><em>Α</em></strong></span> <span class='ocrx_word' id='word_1_92' title='bbox 710 2061 846 2136; x_wconf 75' lang='lat' dir='ltr'><strong>interiit</strong></span> 
     </span>
    </p>
   </div>
   <div class='ocr_carea' id='block_1_4' title="bbox 189 2177 1316 3567">
    <p class='ocr_par' dir='ltr' id='par_1_4' title="bbox 189 2177 1309 2509">
     <span class='ocr_line' id='line_1_16' title="bbox 271 2177 1308 2310; baseline -0.003 -60"><span class='ocrx_word' id='word_1_93' title='bbox 271 2180 352 2251; x_wconf 89' lang='lat' dir='ltr'><strong>Hiuc</strong></span> <span class='ocrx_word' id='word_1_94' title='bbox 370 2179 506 2252; x_wconf 82' lang='lat' dir='ltr'><strong>delabor</strong></span> <span class='ocrx_word' id='word_1_95' title='bbox 522 2181 565 2250; x_wconf 85' lang='lat' dir='ltr'><strong>ad</strong></span> <span class='ocrx_word' id='word_1_96' title='bbox 583 2179 735 2310; x_wconf 82' lang='lat' dir='ltr'><strong>Hippoi.</strong></span> <span class='ocrx_word' id='word_1_97' title='bbox 752 2207 781 2250; x_wconf 85' lang='lat' dir='ltr'>v</span> <span class='ocrx_word' id='word_1_98' title='bbox 799 2179 907 2252; x_wconf 85' lang='grc'>1019.</span> <span class='ocrx_word' id='word_1_99' title='bbox 932 2178 1131 2250; x_wconf 88' lang='lat' dir='ltr'><strong>Praedicaus</strong></span> <span class='ocrx_word' id='word_1_100' title='bbox 1149 2177 1308 2275; x_wconf 87' lang='lat' dir='ltr'><strong>Hippoly-</strong></span> 
     </span>
     <span class='ocr_line' id='line_1_17' title="bbox 189 2295 1309 2394; baseline -0.004 -26"><span class='ocrx_word' id='word_1_101' title='bbox 189 2313 241 2368; x_wconf 82' lang='lat' dir='ltr'><strong>lus</strong></span> <span class='ocrx_word' id='word_1_102' title='bbox 271 2297 341 2368; x_wconf 88' lang='lat' dir='ltr'><strong>eius</strong></span> <span class='ocrx_word' id='word_1_103' title='bbox 370 2297 564 2385; x_wconf 78' lang='lat' dir='ltr'><strong>felicitatem,</strong></span> <span class='ocrx_word' id='word_1_104' title='bbox 593 2297 648 2394; x_wconf 92' lang='lat' dir='ltr'><strong>qui</strong></span> <span class='ocrx_word' id='word_1_105' title='bbox 675 2297 750 2372; x_wconf 89' lang='lat' dir='ltr'><strong>ab</strong></span> <span class='ocrx_word' id='word_1_106' title='bbox 742 2296 870 2393; x_wconf 82' lang='lat' dir='ltr'><strong>unperii</strong></span> <span class='ocrx_word' id='word_1_107' title='bbox 895 2295 1053 2368; x_wconf 81' lang='lat' dir='ltr'><strong>molestiis</strong></span> <span class='ocrx_word' id='word_1_108' title='bbox 1079 2321 1120 2366; x_wconf 89' lang='lat' dir='ltr'><strong>ac</strong></span> <span class='ocrx_word' id='word_1_109' title='bbox 1143 2295 1309 2366; x_wconf 77' lang='lat' dir='ltr'>laboribus</span> 
     </span>
     <span class='ocr_line' id='line_1_18' title="bbox 191 2411 1211 2509; baseline 0.001 -26"><span class='ocrx_word' id='word_1_110' title='bbox 191 2413 323 2486; x_wconf 83' lang='lat' dir='ltr'><strong>liberae</strong></span> <span class='ocrx_word' id='word_1_111' title='bbox 338 2412 464 2484; x_wconf 79' lang='lat' dir='ltr'><strong>solutus</strong></span> <span class='ocrx_word' id='word_1_112' title='bbox 478 2413 621 2509; x_wconf 81' lang='lat' dir='ltr'><strong>priuatus</strong></span> <span class='ocrx_word' id='word_1_113' title='bbox 636 2413 728 2501; x_wconf 81' lang='lat' dir='ltr'><strong>vival,</strong></span> <span class='ocrx_word' id='word_1_114' title='bbox 747 2437 819 2484; x_wconf 88' lang='lat' dir='ltr'><strong>cnm</strong></span> <span class='ocrx_word' id='word_1_115' title='bbox 834 2411 896 2486; x_wconf 84' lang='lat' dir='ltr'><strong>alia</strong></span> <span class='ocrx_word' id='word_1_116' title='bbox 912 2425 978 2483; x_wconf 81' lang='lat' dir='ltr'><strong>lum</strong></span> <span class='ocrx_word' id='word_1_117' title='bbox 991 2413 1073 2484; x_wconf 86' lang='lat' dir='ltr'><strong>haee</strong></span> <span class='ocrx_word' id='word_1_118' title='bbox 1087 2413 1211 2487; x_wconf 79' lang='lat' dir='ltr'><strong>laudat:</strong></span> 
     </span>
    </p>

    <p class='ocr_par' dir='ltr' id='par_1_5' title="bbox 356 2528 1187 2622">
     <span class='ocr_line' id='line_1_19' title="bbox 356 2528 1187 2622; baseline 0 -22"><span class='ocrx_word' id='word_1_119' title='bbox 356 2530 525 2621; x_wconf 83' lang='grc' dir='ltr'><em>πράσσειν</em></span> <span class='ocrx_word' id='word_1_120' title='bbox 538 2553 576 2600; x_wconf 83' lang='grc' dir='ltr'><strong>τε</strong></span> <span class='ocrx_word' id='word_1_121' title='bbox 589 2530 658 2622; x_wconf 82' lang='grc' dir='ltr'><strong>γὰρ</strong></span> <span class='ocrx_word' id='word_1_122' title='bbox 672 2531 864 2622; x_wconf 85' lang='grc' dir='ltr'><em>πάρεστι,</em></span> <span class='ocrx_word' id='word_1_123' title='bbox 879 2528 1034 2611; x_wconf 72' lang='grc' dir='ltr'><em>κίνδυνός</em></span> <span class='ocrx_word' id='word_1_124' title='bbox 1045 2530 1070 2599; x_wconf 79' lang='grc' dir='ltr'><strong>τ’</strong></span> <span class='ocrx_word' id='word_1_125' title='bbox 1084 2529 1187 2600; x_wconf 82' lang='grc' dir='ltr'><em>ἀπὼν</em></span> 
     </span>
    </p>

    <p class='ocr_par' dir='ltr' id='par_1_6' title="bbox 193 2645 1316 3567">
     <span class='ocr_line' id='line_1_20' title="bbox 357 2645 1066 2744; baseline -0.003 -26"><span class='ocrx_word' id='word_1_126' title='bbox 357 2646 507 2739; x_wconf 80' lang='grc' dir='ltr'><em>κρείσσω</em></span> <span class='ocrx_word' id='word_1_127' title='bbox 525 2646 644 2718; x_wconf 73' lang='grc' dir='ltr'><em>δίδωσι</em></span> <span class='ocrx_word' id='word_1_128' title='bbox 662 2654 726 2744; x_wconf 83' lang='grc' dir='ltr'><strong>τῆς</strong></span> <span class='ocrx_word' id='word_1_129' title='bbox 741 2645 942 2740; x_wconf 69' lang='grc' dir='ltr'><em>τυραννίδος</em></span> <span class='ocrx_word' id='word_1_130' title='bbox 950 2647 1066 2740; x_wconf 53' lang='grc' dir='ltr'><strong>χάριν.</strong></span> 
     </span>
     <span class='ocr_line' id='line_1_21' title="bbox 193 2765 1313 2862; baseline 0 -24"><span class='ocrx_word' id='word_1_131' title='bbox 193 2769 281 2842; x_wconf 81' lang='lat' dir='ltr'><strong>Haec</strong></span> <span class='ocrx_word' id='word_1_132' title='bbox 304 2778 355 2842; x_wconf 86' lang='lat' dir='ltr'><strong>esl</strong></span> <span class='ocrx_word' id='word_1_133' title='bbox 379 2766 463 2837; x_wconf 90' lang='lat' dir='ltr'><strong>euim</strong></span> <span class='ocrx_word' id='word_1_134' title='bbox 486 2766 658 2838; x_wconf 88' lang='lat' dir='ltr'><strong>meliorum</strong></span> <span class='ocrx_word' id='word_1_135' title='bbox 679 2766 775 2838; x_wconf 87' lang='lat' dir='ltr'><strong>codd.</strong></span> <span class='ocrx_word' id='word_1_136' title='bbox 796 2766 969 2862; x_wconf 80' lang='lat' dir='ltr'><strong>scriptura,</strong></span> <span class='ocrx_word' id='word_1_137' title='bbox 991 2790 1089 2861; x_wconf 87' lang='lat' dir='ltr'><strong>quam</strong></span> <span class='ocrx_word' id='word_1_138' title='bbox 1112 2765 1313 2840; x_wconf 79' lang='lat' dir='ltr'><strong>recenliures</strong></span> 
     </span>
     <span class='ocr_line' id='line_1_22' title="bbox 194 2882 1315 2982; baseline -0.002 -27"><span class='ocrx_word' id='word_1_139' title='bbox 194 2887 388 2982; x_wconf 76' lang='lat' dir='ltr'><strong>interpretes</strong></span> <span class='ocrx_word' id='word_1_140' title='bbox 412 2884 515 2954; x_wconf 81' lang='lat' dir='ltr'><strong>seculi</strong></span> <span class='ocrx_word' id='word_1_141' title='bbox 540 2897 615 2972; x_wconf 83' lang='lat' dir='ltr'><strong>sunl</strong></span> <span class='ocrx_word' id='word_1_142' title='bbox 637 2909 762 2972; x_wconf 68' lang='lat' dir='ltr'><strong>amnas</strong></span> <span class='ocrx_word' id='word_1_143' title='bbox 788 2883 955 2978; x_wconf 83' lang='lat' dir='ltr'><strong>malleque</strong></span> <span class='ocrx_word' id='word_1_144' title='bbox 971 2882 1219 2978; x_wconf 76' lang='lat' dir='ltr'><strong>praeferendam</strong></span> <span class='ocrx_word' id='word_1_145' title='bbox 1236 2907 1315 2954; x_wconf 88' lang='lat' dir='ltr'><strong>esse</strong></span> 
     </span>
     <span class='ocr_line' id='line_1_23' title="bbox 193 2983 1314 3096; baseline -0.004 -22"><span class='ocrx_word' id='word_1_146' title='bbox 193 2983 344 3074; x_wconf 84' lang='lat' dir='ltr'><strong>deteriori</strong></span> <span class='ocrx_word' id='word_1_147' title='bbox 366 3002 565 3096; x_wconf 78' lang='lat' dir='ltr'><strong>scripturae:</strong></span> <span class='ocrx_word' id='word_1_148' title='bbox 591 2999 757 3091; x_wconf 71' lang='grc' dir='ltr'><em>τ’τράσσειν</em></span> <span class='ocrx_word' id='word_1_149' title='bbox 776 3001 856 3094; x_wconf 86' lang='grc' dir='ltr'><strong>γὰρ</strong></span> <span class='ocrx_word' id='word_1_150' title='bbox 874 2995 921 3070; x_wconf 83' lang='grc' dir='ltr'><strong>εὖ</strong></span> <span class='ocrx_word' id='word_1_151' title='bbox 940 2999 1090 3090; x_wconf 82' lang='grc' dir='ltr'><em>πάρεστι</em></span> <span class='ocrx_word' id='word_1_152' title='bbox 1105 2997 1314 3072; x_wconf 75' lang='lat' dir='ltr'><strong>Matthiae</strong></span> 
     </span>
     <span class='ocr_line' id='line_1_24' title="bbox 193 3116 1316 3213; baseline -0.001 -23"><span class='ocrx_word' id='word_1_153' title='bbox 193 3120 314 3192; x_wconf 71' lang='lat' dir='ltr'><strong>docuit.</strong></span> <span class='ocrx_word' id='word_1_154' title='bbox 350 3118 440 3190; x_wconf 87' lang='lat' dir='ltr'><strong>ldem</strong></span> <span class='ocrx_word' id='word_1_155' title='bbox 457 3117 658 3208; x_wconf 81' lang='grc' dir='ltr'><em>πράσσειν</em></span> <span class='ocrx_word' id='word_1_156' title='bbox 676 3117 739 3190; x_wconf 84' lang='lat' dir='ltr'><strong>boc</strong></span> <span class='ocrx_word' id='word_1_157' title='bbox 758 3116 831 3188; x_wconf 89' lang='lat' dir='ltr'><strong>loco</strong></span> <span class='ocrx_word' id='word_1_158' title='bbox 850 3116 1036 3213; x_wconf 77' lang='lat' dir='ltr'><strong>siguificare</strong></span> <span class='ocrx_word' id='word_1_159' title='bbox 1050 3116 1217 3206; x_wconf 66' lang='lat' dir='ltr'><strong>vulla-„res</strong></span> <span class='ocrx_word' id='word_1_160' title='bbox 1236 3119 1316 3189; x_wconf 78' lang='lat' dir='ltr'><strong>eici·</strong></span> 
     </span>
     <span class='ocr_line' id='line_1_25' title="bbox 196 3232 1311 3328; baseline -0.003 -20"><span class='ocrx_word' id='word_1_161' title='bbox 196 3242 238 3308; x_wconf 82' lang='lat' dir='ltr'><strong>les</strong></span> <span class='ocrx_word' id='word_1_162' title='bbox 261 3253 411 3324; x_wconf 76' lang='lat' dir='ltr'><strong>tractare,</strong></span> <span class='ocrx_word' id='word_1_163' title='bbox 439 3237 474 3306; x_wconf 82' lang='lat' dir='ltr'><strong>iu</strong></span> <span class='ocrx_word' id='word_1_164' title='bbox 496 3237 660 3327; x_wconf 81' lang='lat' dir='ltr'><strong>republica</strong></span> <span class='ocrx_word' id='word_1_165' title='bbox 681 3235 836 3328; x_wconf 60' lang='grc' dir='ltr'><strong>νσνσσσλ,ιι</strong></span> <span class='ocrx_word' id='word_1_166' title='bbox 859 3232 899 3305; x_wconf 89' lang='lat' dir='ltr'><strong>cl.</strong></span> <span class='ocrx_word' id='word_1_167' title='bbox 922 3233 1142 3304; x_wconf 73' lang='lat' dir='ltr'><strong>Heindorf.</strong></span> <span class='ocrx_word' id='word_1_168' title='bbox 1163 3235 1205 3305; x_wconf 89' lang='lat' dir='ltr'><strong>ad</strong></span> <span class='ocrx_word' id='word_1_169' title='bbox 1229 3233 1311 3306; x_wconf 75' lang='lat' dir='ltr'><strong>Plau.</strong></span> 
     </span>
     <span class='ocr_line' id='line_1_26' title="bbox 194 3344 1315 3450; baseline 0 -26"><span class='ocrx_word' id='word_1_170' title='bbox 194 3355 319 3441; x_wconf 82' lang='lat' dir='ltr'><strong>Prot.§.</strong></span> <span class='ocrx_word' id='word_1_171' title='bbox 330 3355 389 3424; x_wconf 80' lang='lat'><strong>21.</strong></span> <span class='ocrx_word' id='word_1_172' title='bbox 412 3351 515 3444; x_wconf 80' lang='lat' dir='ltr'><strong>Atque</strong></span> <span class='ocrx_word' id='word_1_173' title='bbox 524 3344 606 3424; x_wconf 75' lang='lat' dir='ltr'><strong>haec</strong></span> <span class='ocrx_word' id='word_1_174' title='bbox 614 3353 744 3450; x_wconf 89' lang='lat' dir='ltr'><strong>quidem</strong></span> <span class='ocrx_word' id='word_1_175' title='bbox 754 3352 802 3422; x_wconf 86' lang='lat' dir='ltr'><strong>vis</strong></span> <span class='ocrx_word' id='word_1_176' title='bbox 818 3351 859 3422; x_wconf 82' lang='lat' dir='ltr'><strong>ila</strong></span> <span class='ocrx_word' id='word_1_177' title='bbox 874 3349 959 3422; x_wconf 84' lang='lat' dir='ltr'><strong>solet</strong></span> <span class='ocrx_word' id='word_1_178' title='bbox 971 3351 1081 3423; x_wconf 89' lang='lat' dir='ltr'><strong>inesse</strong></span> <span class='ocrx_word' id='word_1_179' title='bbox 1095 3352 1125 3424; x_wconf 90' lang='lat' dir='ltr'><strong>in</strong></span> <span class='ocrx_word' id='word_1_180' title='bbox 1142 3349 1194 3423; x_wconf 91' lang='lat' dir='ltr'><strong>illu</strong></span> <span class='ocrx_word' id='word_1_181' title='bbox 1205 3353 1315 3441; x_wconf 84' lang='lat' dir='ltr'><strong>verbu,</strong></span> 
     </span>
     <span class='ocr_line' id='line_1_27' title="bbox 196 3469 1314 3567; baseline 0.001 -27"><span class='ocrx_word' id='word_1_182' title='bbox 196 3484 229 3542; x_wconf 86' lang='lat' dir='ltr'><strong>ul</strong></span> <span class='ocrx_word' id='word_1_183' title='bbox 247 3481 302 3540; x_wconf 85' lang='lat' dir='ltr'><strong>aut</strong></span> <span class='ocrx_word' id='word_1_184' title='bbox 320 3469 478 3540; x_wconf 73' lang='lat' dir='ltr'><strong>similibus</strong></span> <span class='ocrx_word' id='word_1_185' title='bbox 497 3471 689 3567; x_wconf 88' lang='lat' dir='ltr'><strong>quibuscum</strong></span> <span class='ocrx_word' id='word_1_186' title='bbox 709 3469 932 3540; x_wconf 79' lang='lat' dir='ltr'><strong>consociatum</strong></span> <span class='ocrx_word' id='word_1_187' title='bbox 950 3481 1001 3539; x_wconf 85' lang='lat' dir='ltr'><strong>est</strong></span> <span class='ocrx_word' id='word_1_188' title='bbox 1020 3469 1129 3542; x_wconf 87' lang='lat' dir='ltr'><strong>verbis</strong></span> <span class='ocrx_word' id='word_1_189' title='bbox 1146 3469 1232 3542; x_wconf 85' lang='lat' dir='ltr'><strong>velut</strong></span> <span class='ocrx_word' id='word_1_190' title='bbox 1253 3494 1314 3541; x_wconf 77' lang='lat' dir='ltr'><strong>rm·</strong></span> 
     </span>
    </p>
   </div>
   <div class='ocr_carea' id='block_1_5' title="bbox 84 3585 1316 3684">
    <p class='ocr_par' dir='ltr' id='par_1_7' title="bbox 84 3585 1316 3684">
     <span class='ocr_line' id='line_1_28' title="bbox 84 3585 1316 3684; baseline -0.004 -22"><span class='ocrx_word' id='word_1_191' title='bbox 84 3658 86 3662; x_wconf 87' lang='lat'><strong>.</strong></span> <span class='ocrx_word' id='word_1_192' title='bbox 195 3587 402 3674; x_wconf 78' lang='lat' dir='ltr'><strong>lersbsmlm,</strong></span> <span class='ocrx_word' id='word_1_193' title='bbox 436 3600 491 3657; x_wconf 81' lang='lat' dir='ltr'><strong>aul</strong></span> <span class='ocrx_word' id='word_1_194' title='bbox 521 3586 685 3657; x_wconf 83' lang='lat' dir='ltr'><strong>adieclivis</strong></span> <span class='ocrx_word' id='word_1_195' title='bbox 716 3585 838 3673; x_wconf 74' lang='grc' dir='ltr'><em>δεινός,</em></span> <span class='ocrx_word' id='word_1_196' title='bbox 878 3586 1005 3672; x_wconf 77' lang='grc' dir='ltr'><em>ἱκανός,</em></span> <span class='ocrx_word' id='word_1_197' title='bbox 1041 3586 1181 3684; x_wconf 87' lang='lat' dir='ltr'><strong>denique</strong></span> <span class='ocrx_word' id='word_1_198' title='bbox 1211 3588 1316 3684; x_wconf 90' lang='lat' dir='ltr'><strong>ipsius</strong></span> 
     </span>
    </p>
   </div>
   <div class='ocr_carea' id='block_1_6' title="bbox 195 3691 1317 4038">
    <p class='ocr_par' dir='ltr' id='par_1_8' title="bbox 195 3691 1317 4038">
     <span class='ocr_line' id='line_1_29' title="bbox 195 3691 1313 3802; baseline 0 -26"><span class='ocrx_word' id='word_1_199' title='bbox 195 3706 375 3777; x_wconf 78' lang='lat' dir='ltr'><strong>sententiae</strong></span> <span class='ocrx_word' id='word_1_200' title='bbox 403 3691 527 3776; x_wconf 79' lang='lat' dir='ltr'><strong>ratione</strong></span> <span class='ocrx_word' id='word_1_201' title='bbox 554 3703 646 3802; x_wconf 86' lang='lat' dir='ltr'><strong>quasi</strong></span> <span class='ocrx_word' id='word_1_202' title='bbox 674 3701 868 3784; x_wconf 74' lang='lat' dir='ltr'><strong>illustratum</strong></span> <span class='ocrx_word' id='word_1_203' title='bbox 892 3705 932 3776; x_wconf 90' lang='lat' dir='ltr'><strong>cl</strong></span> <span class='ocrx_word' id='word_1_204' title='bbox 948 3705 1121 3776; x_wconf 69' lang='lat' dir='ltr'><strong>Passum</strong></span> <span class='ocrx_word' id='word_1_205' title='bbox 1140 3704 1213 3778; x_wconf 88' lang='lat' dir='ltr'><strong>lex.</strong></span> <span class='ocrx_word' id='word_1_206' title='bbox 1229 3707 1264 3776; x_wconf 94' lang='lat' dir='ltr'><strong>H.</strong></span> <span class='ocrx_word' id='word_1_207' title='bbox 1281 3733 1313 3802; x_wconf 91' lang='lat' dir='ltr'><strong>p.</strong></span> 
     </span>
     <span class='ocr_line' id='line_1_30' title="bbox 198 3819 1315 3918; baseline -0.005 -21.879"><span class='ocrx_word' id='word_1_208' title='bbox 198 3819 1052 3918; x_wconf 58' lang='lat' dir='ltr'><strong>rodunStallbaum.adl³luLegg.v1.p</strong></span> <span class='ocrx_word' id='word_1_209' title='bbox 1075 3823 1159 3892; x_wconf 79' lang='lat'><strong>773.</strong></span> <span class='ocrx_word' id='word_1_210' title='bbox 1183 3825 1217 3893; x_wconf 92' lang='grc'><strong>6.</strong></span> <span class='ocrx_word' id='word_1_211' title='bbox 1248 3820 1315 3893; x_wconf 90' lang='lat' dir='ltr'><strong>Sed</strong></span> 
     </span>
     <span class='ocr_line' id='line_1_31' title="bbox 198 3937 1317 4038; baseline -0.002 -27"><span class='ocrx_word' id='word_1_212' title='bbox 198 3939 384 4034; x_wconf 76' lang='lat' dir='ltr'><strong>neutiquam</strong></span> <span class='ocrx_word' id='word_1_213' title='bbox 397 3939 547 4010; x_wconf 84' lang='lat' dir='ltr'><strong>conuenit</strong></span> <span class='ocrx_word' id='word_1_214' title='bbox 564 3937 618 4010; x_wconf 91' lang='lat' dir='ltr'><strong>illa</strong></span> <span class='ocrx_word' id='word_1_215' title='bbox 637 3939 829 4037; x_wconf 84' lang='lat' dir='ltr'><strong>significatio</strong></span> <span class='ocrx_word' id='word_1_216' title='bbox 848 3938 923 4009; x_wconf 88' lang='lat' dir='ltr'><strong>huic</strong></span> <span class='ocrx_word' id='word_1_217' title='bbox 942 3938 1026 4024; x_wconf 88' lang='lat' dir='ltr'><strong>luco,</strong></span> <span class='ocrx_word' id='word_1_218' title='bbox 1046 3965 1110 4036; x_wconf 86' lang='lat' dir='ltr'><strong>quc</strong></span> <span class='ocrx_word' id='word_1_219' title='bbox 1126 3938 1317 4038; x_wconf 79' lang='lat' dir='ltr'><strong>Hippolytus</strong></span> 
     </span>
    </p>
   </div>
   <div class='ocr_carea' id='block_1_7' title="bbox 197 4053 1319 4386">
    <p class='ocr_par' dir='ltr' id='par_1_9' title="bbox 197 4053 1319 4386">
     <span class='ocr_line' id='line_1_32' title="bbox 197 4053 1317 4154; baseline 0 -28"><span class='ocrx_word' id='word_1_220' title='bbox 197 4083 294 4154; x_wconf 89' lang='lat' dir='ltr'><strong>quam</strong></span> <span class='ocrx_word' id='word_1_221' title='bbox 318 4057 361 4128; x_wconf 87' lang='lat' dir='ltr'><strong>sil</strong></span> <span class='ocrx_word' id='word_1_222' title='bbox 383 4053 509 4128; x_wconf 89' lang='lat' dir='ltr'><strong>alienus</strong></span> <span class='ocrx_word' id='word_1_223' title='bbox 532 4083 551 4134; x_wconf 84' lang='lat' dir='ltr'><strong>a</strong></span> <span class='ocrx_word' id='word_1_224' title='bbox 576 4054 724 4128; x_wconf 89' lang='lat' dir='ltr'><strong>civilibus</strong></span> <span class='ocrx_word' id='word_1_225' title='bbox 747 4056 887 4153; x_wconf 78' lang='lat' dir='ltr'><strong>uegoliis</strong></span> <span class='ocrx_word' id='word_1_226' title='bbox 911 4055 982 4152; x_wconf 84' lang='lat' dir='ltr'><strong>ipse</strong></span> <span class='ocrx_word' id='word_1_227' title='bbox 1001 4056 1177 4152; x_wconf 79' lang='lat' dir='ltr'><strong>praedicet.</strong></span> <span class='ocrx_word' id='word_1_228' title='bbox 1211 4054 1317 4128; x_wconf 87' lang='lat' dir='ltr'><strong>Secus</strong></span> 
     </span>
     <span class='ocr_line' id='line_1_33' title="bbox 197 4171 1319 4272; baseline 0.002 -28"><span class='ocrx_word' id='word_1_229' title='bbox 197 4199 252 4247; x_wconf 91' lang='lat' dir='ltr'><strong>res</strong></span> <span class='ocrx_word' id='word_1_230' title='bbox 270 4187 321 4246; x_wconf 85' lang='lat' dir='ltr'><strong>est</strong></span> <span class='ocrx_word' id='word_1_231' title='bbox 338 4173 426 4272; x_wconf 93' lang='lat' dir='ltr'><strong>apud</strong></span> <span class='ocrx_word' id='word_1_232' title='bbox 440 4171 542 4270; x_wconf 87' lang='lat' dir='ltr'><strong>Sopb.</strong></span> <span class='ocrx_word' id='word_1_233' title='bbox 560 4173 642 4246; x_wconf 90' lang='lat' dir='ltr'><strong>Oed.</strong></span> <span class='ocrx_word' id='word_1_234' title='bbox 658 4175 694 4246; x_wconf 87' lang='lat' dir='ltr'><strong>H.</strong></span> <span class='ocrx_word' id='word_1_235' title='bbox 711 4175 784 4247; x_wconf 82' lang='lat'><strong>587</strong></span> <span class='ocrx_word' id='word_1_236' title='bbox 801 4199 864 4271; x_wconf 86' lang='lat' dir='ltr'><strong>sq.,</strong></span> <span class='ocrx_word' id='word_1_237' title='bbox 884 4175 936 4244; x_wconf 90' lang='lat' dir='ltr'><strong>ubi</strong></span> <span class='ocrx_word' id='word_1_238' title='bbox 957 4174 1040 4245; x_wconf 84' lang='lat' dir='ltr'><strong>haee</strong></span> <span class='ocrx_word' id='word_1_239' title='bbox 1059 4173 1226 4271; x_wconf 83' lang='lat' dir='ltr'><strong>pmblelur</strong></span> <span class='ocrx_word' id='word_1_240' title='bbox 1240 4176 1319 4246; x_wconf 90' lang='lat' dir='ltr'><strong>Cre·</strong></span> 
     </span>
     <span class='ocr_line' id='line_1_34' title="bbox 197 4285 1319 4386; baseline -0.003 -24"><span class='ocrx_word' id='word_1_241' title='bbox 197 4314 255 4363; x_wconf 89' lang='lat' dir='ltr'><strong>on:</strong></span> <span class='ocrx_word' id='word_1_242' title='bbox 282 4291 442 4384; x_wconf 82' lang='grc' dir='ltr'><em>ἐγὼμὲν</em></span> <span class='ocrx_word' id='word_1_243' title='bbox 465 4288 526 4362; x_wconf 77' lang='grc' dir='ltr'><strong>οὖν</strong></span> <span class='ocrx_word' id='word_1_244' title='bbox 550 4291 623 4361; x_wconf 74' lang='grc' dir='ltr'><strong>οὔτ’</strong></span> <span class='ocrx_word' id='word_1_245' title='bbox 642 4289 753 4386; x_wconf 71' lang='lat' dir='ltr'><strong>mind&lt;</strong></span> <span class='ocrx_word' id='word_1_246' title='bbox 771 4289 911 4382; x_wconf 79' lang='grc' dir='ltr'><em>ίρειρων</em></span> <span class='ocrx_word' id='word_1_247' title='bbox 935 4285 1021 4384; x_wconf 62' lang='lat' dir='ltr'><strong>{pun</strong></span> <span class='ocrx_word' id='word_1_248' title='bbox 1044 4291 1212 4383; x_wconf 82' lang='grc' dir='ltr'><em>τύραννος</em></span> <span class='ocrx_word' id='word_1_249' title='bbox 1233 4287 1319 4360; x_wconf 78' lang='grc' dir='ltr'><em>εἶναι</em></span> 
     </span>
    </p>
   </div>
   <div class='ocr_carea' id='block_1_8' title="bbox 0 0 1471 4834">
    <p class='ocr_par' dir='ltr' id='par_1_10' title="bbox 0 0 1471 4834">
     <span class='ocr_line' id='line_1_35' title="bbox 0 0 1471 4834; baseline 0 0"><span class='ocrx_word' id='word_1_250' title='bbox 0 0 1471 4834; x_wconf 95' lang='lat' dir='ltr'><strong> </strong></span> 
     </span>
    </p>
   </div>
  </div>
 </body>
</html>
