2914 4820
201 316 249 386 36

312 534 345 605 εἰ
359 535 428 628 χιλμ
446 536 634 628 σθένεις,
655 538 804 628 δίδαξον,
824 537 905 611 ἄνθ’
921 538 1003 611 brou
1024 543 1126 612 τανῦν
1141 539 1211 611 κτλ.

200 651 268 724 Sed
286 678 327 725 ne
350 651 380 724 Μ
387 654 535 726 einelrii
554 655 732 753 neglegere
750 657 863 730 videar
879 657 1117 748 auctoritatem,
1136 658 1169 728 is
1193 675 1330 753 quoque
1445 733 1446 736 ,

202 773 313 858 (duct.
332 795 364 868 p.
381 771 472 861 2¹60)
497 772 602 844 sensit
625 771 658 842 ελ
673 771 791 854 θέλεις
810 773 852 844 ab
878 773 971 844 buius
995 773 1066 846 loci·
1081 773 1243 845 sententia
1266 774 1329 844 ab·

147 959 153 968 ,
200 887 346 959 horrere.
383 875 479 974 Quod
496 913 574 960 vero
592 889 746 962 oonmeit:
773 887 806 959 εἰ
825 890 897 982 χὰμ
917 881 1054 990 θέμις,
1081 889 1221 970 ducar
1242 890 1327 978 κτλ,
1445 877 1446 898 ’

200 1029 394 1103 quamquam
409 1032 472 1077 nou
488 1007 620 1079 nescius
633 1011 703 1078 sum
716 1007 875 1080 interdum
888 1007 1043 1090 θέλειςοῑ
1055 1006 1159 1099 θέμις
1168 1007 1329 1105 permixta

201 1147 277 1195 esse
302 1124 359 1213 (el.
375 1124 514 1197 Nauck.
530 1125 604 1197 Eur.
620 1123 713 1197 Stud'.
729 1126 764 1197 ll.
782 1151 813 1223 p.
833 1126 932 1216 159),
955 1127 1030 1197 item
1053 1138 1160 1198 tamen
1185 1124 1328 1198 alienum

201 1241 353 1335 equidem
373 1242 467 1314 duco.
502 1240 592 1348 Scite
611 1242 696 1314 enim
716 1243 787 1342 ipse
806 1231 984 1316 Meinelrius
1002 1245 1092 1338 „boc
1109 1245 1257 1336 dictione,
1275 1243 1328 1313 in-

202 1357 280 1452 quit,
304 1375 450 1450 utuntur,
477 1357 533 1454 qui
553 1364 766 1433 reuerentia
787 1364 838 1432 vel
857 1365 1006 1454 pudore
1030 1363 1261 1458 tuctt‘yoliquid¹
1277 1363 1330 1431 uel
1391 1375 1397 1390 “

201 1477 278 1566 ipo-i
304 1479 434 1570 eloqui
458 1481 510 1548 uel
533 1505 578 1549 ca
605 1480 698 1549 aliia
723 1481 857 1550 audire
881 1480 1069 1566 oercotur;“
1093 1479 1134 1553 ci.
1155 1479 1237 1551 Oed.
1254 1477 1325 1549 Col.

61 1575 64 1580 ’
205 1593 312 1663 1131:
335 1594 470 1689 φιλήσω
494 1593 538 1684 τ’,
563 1592 601 1664 ει
620 1593 757 1686 aeota,
780 1594 819 1666 a>
842 1594 904 1668 ων
925 1596 1031 1687 κτρα.
1057 1595 1131 1667 Αω.
1150 1595 1267 1668 1259:
1290 1593 1331 1665 ει

202 1699 327 1802 θέμις
341 1710 457 1799 εἰπεῖν,
476 1711 541 1782 οὐκ
558 1711 746 1804 ἀλλοτρίαν
758 1709 844 1808 ἄτην
862 1712 936 1783 ἀλλ’
953 1711 1062 1794 αὐτὸς
1075 1713 1254 1806 ἁμαρτών.
1285 1712 1329 1784 At

203 1853 268 1923 quo
293 1829 418 1925 pudore
442 1844 474 1902 et
494 1830 692 1903 verecundia
716 1831 876 1904 Electram
901 1844 996 1929 putas
1020 1844 1214 1904 commotam
1238 1857 1326 1921 esse,

203 1959 239 2022 ut
264 1947 506 2034 excusationem
533 1949 716 2047 flagitiosae
743 1949 825 2022 vitae
853 1963 1001 2022 amatre
1027 1950 1142 2023 audire
1166 1963 1326 2039 vereatur,

203 2090 288 2162 quae
303 2066 374 2163 ipsa
389 2067 525 2165 copiose
537 2068 660 2165 llagitia
673 2092 864 2141 enumerare
875 2090 938 2140 nou
949 2079 1098 2140 vereatur
1106 2094 1135 2139 v.
1147 2061 1326 2140 587-90‘t

204 2181 313 2281 Saepe
331 2198 438 2256 autern
463 2185 630 2258 σθένειν
648 2198 681 2258 et
698 2185 840 2258 θέλειν
858 2185 1020 2282 permixta
1038 2185 1069 2254 in
1089 2185 1260 2256 codicibus
1276 2183 1324 2252 lu-

205 2300 282 2387 isse,
301 2301 381 2380 satis
400 2315 529 2373 constat
530 2302 724 2400 ,tetigitque
743 2327 847 2400 nuper
858 2303 943 2374 beno
960 2327 1029 2374 rem
1042 2301 1234 2374 Nauekius
1248 2299 1324 2372 Eur

204 2415 302 2488 Stud·
314 2419 335 2488 l.
353 2444 384 2516 p.
402 2420 462 2510 53,
482 2419 535 2490 ubi
549 2419 591 2490 de
606 2418 710 2490 loco
690 2416 915 2554 Euripiden
922 2419 1106 2578 disputavit,
1125 2419 1181 2517 qui
1194 2432 1246 2491 est

284 2533 335 2610 El.
353 2536 443 2609 615:

358 2654 503 2750 τειχέων
516 2653 583 2746 μὲν
601 2652 718 2726 ἐλθὼν
734 2651 834 2744 έντὸς
849 2653 925 2726 οὔθ
939 2653 982 2725 ἂν
999 2653 1033 2726 ελ
1046 2654 1173 2737 θέλοις.

206 2777 298 2862 Quae
325 2773 380 2870 qui
407 2774 449 2845 ita
476 2771 684 2871 explicarent,
710 2784 745 2843 ut
769 2759 809 2844 en
835 2773 1104 2846 antecedentibus
1129 2774 1324 2847 audendum

205 2892 329 2990 λάβοις
344 2904 527 2980 censerent,
545 2891 656 2962 lacere
667 2889 876 2986 ineptissime
893 2889 1092 2963 Nauolrius
1110 2883 1251 2964 dilucide
1270 2917 1325 2964 ex-

207 3012 327 3109 posuit,
356 3009 506 3106 idemque
529 3007 694 3098 intellexit,
719 3008 773 3078 uni
797 3008 897 3079 verbu
919 3007 1085 3080 σθένειν
1107 3008 1213 3084 locum
1237 3036 1322 3082 esse.

207 3130 320 3224 Neque
344 3151 420 3198 vero
447 3127 510 3198 boc
537 3125 692 3215 dederim,
719 3111 901 3197 absolutam
928 3150 1004 3198 esse
1028 3139 1126 3223 atque
1148 3128 1323 3224 perlectam

208 3247 314 3344 ipsius
333 3227 602 3333 emendationem,
626 3244 773 3341 quamvis
797 3243 1000 3340 speciosam:
1022 3242 1165 3339 τειχέων
1183 3244 1258 3336 μὲν.
1273 3242 1323 3314 έλ-

208 3365 284 3434 θὼν
303 3361 403 3444 ἐντὸς
417 3361 536 3434 οὐθέν
553 3359 596 3432 ἂν
614 3361 790 3442 αθένοις.
825 3361 895 3432 Νοο
915 3361 978 3433 boo
996 3361 1081 3433 enim
1100 3385 1200 3434 senen
1217 3373 1323 3458 negat,

208 3481 368 3581 perficere
382 3481 556 3588 quicquam
569 3479 719 3552 Orestem
737 3503 839 3576 possa
858 3477 912 3550 ubi
930 3477 1060 3550 domum
1078 3463 1252 3568 iutraierit,
1265 3479 1323 3550 sed

209 3601 280 3673 lieri
295 3621 368 3671 non
393 3621 494 3697 posse
517 3611 552 3668 ut
574 3599 680 3685 intret,
698 3596 851 3693 quoniam
869 3597 989 3668 munita
1008 3596 1050 3667 sit
1067 3597 1183 3668 domus
1201 3595 1325 3693 pracsi·
1442 3599 1443 3638 ³

211 3719 275 3789 diis
301 3743 462 3813 manuque
486 3713 671 3787 satellitum.
716 3712 786 3785 Alia
813 3713 910 3810 igitur
933 3701 983 3783 via
1006 3714 1048 3784 ad
1071 3726 1201 3811 optatos
1224 3715 1324 3785 exitus

212 3861 288 3910 esse
312 3836 581 3934 perveniendum.
604 3831 636 3904 id
654 3832 740 3904 enim
759 3857 831 3903 cum
850 3832 985 3904 maxime
1003 3833 1164 3929 agendum
1183 3857 1270 3921 esse,
1294 3844 1325 3902 ut
1442 3891 1443 3950 ,

211 3968 281 4028 arte
298 3955 438 4051 quadam
456 3951 602 4024 aditum
595 3975 626 4021 m
646 3949 775 4022 domum
793 3949 855 4021 sibi
876 3950 1063 4047 patefaciat;
1080 3950 1120 4021 cl
1137 3975 1165 4018 v.
1182 3949 1267 4022 637.
1287 3947 1323 4019 cl.

211 4076 287 4147 784
310 4098 383 4170 sqq
429 4071 517 4143 llaec
542 4083 649 4142 autem
676 4069 703 4140 si
731 4081 820 4141 recte
847 4069 1018 4166 disputavi,
1045 4091 1109 4138 non
1134 4044 1326 4165 improbabit

212 4195 284 4293 ipse
302 4191 476 4278 NauckiuS,
495 4189 538 4260 uti
557 4213 667 4284 spero,
685 4188 770 4258 hanc
787 4185 1044 4260 emendationem
1063 4211 1186 4256 meam:

341 4307 484 4402 τειχέων
498 4304 565 4398 μέν
583 4303 711 4374 ἐλθεῖν
729 4302 829 4384 ἐντὸς
843 4300 1007 4396 οὐθαμῇ
1023 4300 1201 4383 σθένεις.
