2900 4834
187 280 258 348 112

182 493 279 590 φίλον
296 492 521 584 λυπούμενον,
537 492 579 564 de
597 517 663 589 quo
681 492 756 562 loco
775 491 952 588 prudenter
965 487 1145 560 Klotzius
1160 488 1313 584 disputa·

183 597 245 684 vit3
264 607 315 666 est
336 605 443 666 autem
467 593 607 689 Pylades
630 591 884 686 ἰσάδελφος
905 591 996 685 ἀνήρ
1023 589 1148 680 [Orest.
1180 591 1309 678 1015).

183 717 295 788 Restat
314 724 348 783 ut
366 711 502 784 salutem
522 711 655 794 alleram
673 711 825 783 extremis
841 737 869 781 v.
888 709 1000 782 1289:
1025 707 1075 778 σύ
1099 707 1131 778 θ’
1154 706 1308 778 οὐκέτ’

182 827 241 919 εἰ,
268 854 353 927 quae
377 854 442 900 uon
466 829 598 900 dubium
623 841 675 900 est
700 828 777 925 quin
805 828 856 898 sic
883 826 1089 900 emendanda
1112 827 1192 899 sint:

580 945 624 1016 σι)
651 947 684 1019 θ’
703 945 905 1042 οἰκέτης·
996 997 999 1010 ,

184 1068 215 1138 h.
234 1066 262 1140 e.
284 1084 319 1138 tu
336 1091 410 1146 uero
428 1087 536 1136 seruus
553 1091 601 1154 αις
625 1065 713 1161 quod
732 1089 796 1138 non
815 1065 887 1136 sine
904 1063 1083 1136 acerbitate
1101 1088 1182 1136 suec
1200 1064 1311 1161 digni·

1427 726 1438 1091 l

183 1186 258 1257 tatis
276 1184 409 1256 conscia
432 1185 554 1255 Creusa
571 1183 693 1254 addit„
716 1182 853 1254 Accedit
875 1183 963 1280 quod
986 1201 1210 1254 servumse
1233 1184 1311 1280 ipse
1432 1186 1437 1273 ζ

185 1304 242 1376 lon
261 1303 394 1399 saepius
413 1302 501 1391 dicit,
525 1313 568 1372 ut.
585 1328 613 1372 v.
634 1301 720 1372 132:
743 1297 876 1381 κλεινὸς
891 1299 958 1371 δ’ὁ
976 1299 1084 1380 πόνος
1099 1324 1161 1392 μοι
1178 1303 1312 1372 θεοῖσιν

184 1421 351 1494 θούλαν
363 1420 446 1515 χέρ’
462 1416 563 1514 ἔχειν.
586 1420 673 1491 182:
690 1416 836 1514 Φοίβῳ
860 1417 1108 1490 ῦουλεύσω.
1130 1419 1218 1491 309:
1233 1423 1311 1491 τοῦ

184 1541 298 1610 θεοῦ
316 1537 486 1628 καλοῦμαι
504 1536 687 1622 δοῦλος,
711 1533 808 1626 εἰμί
820 1535 898 1606 τίῦ
917 1534 1025 1628 γύναι.
1047 1536 1136 1608 327:
1159 1539 1231 1619 τοῖς
1246 1541 1310 1609 τοῦ

184 1659 273 1727 θεοῦ
291 1654 518 1746 κοσμούμεθ’,
537 1650 572 1748 nl
588 1653 887 1744 θοολεύομεν.
911 1652 1025 1724 1373:
1043 1653 1113 1724 ἀλλ’
1126 1653 1315 1747 ἀνώνυμος

186 1772 225 1844 έν
251 1776 340 1844 θεοῦ
362 1772 558 1863 μελάθροις
582 1767 675 1865 εἰχον
701 1769 883 1866 οἰκέτην
906 1769 1017 1867 βίον.
1054 1769 1154 1866 Adue,
1172 1773 1310 1868 Pythiae

185 1915 299 1962 vocem
314 1917 342 1961 v.
356 1890 469 1962 1343:
487 1890 507 1959 ὁ
525 1887 613 1970 θεὸς
628 1887 787 1986 ἐβούλετ’
802 1887 840 1960 έν
856 1888 978 1979 ῦύμοις
993 1889 1027 1958 σ’
1042 1885 1135 1982 ἔχειν
1150 1889 1307 1982 λάτριν.

185 2008 278 2080 Hunc
297 2008 394 2106 igitur
411 2008 475 2078 iam
494 2007 596 2079 hahes
616 2009 759 2078 Creusae
778 2031 850 2078 cum
868 2007 945 2078 lone
964 2031 1163 2078 sermonem:

318 2123 387 2197 KP.
416 2125 490 2197 ἀλλ’
512 2123 747 2220 οὐκέτ’,ἧσθα
772 2122 909 2212 Λοξίου,
936 2123 1071 2216 πατρὸς
1093 2124 1136 2196 de
1161 2129 1236 2197 σοῦ.

201 2227 205 2235 ’
301 2243 387 2315 lttttt
416 2243 484 2312 ἀλλ’
500 2241 775 2334 έλεγύμεσθα,
790 2239 952 2333 πατέρα
966 2242 999 2312 θ’
1014 2239 1170 2324 ὣςίσον
1184 2241 1308 2336 νέμω.
1442 2265 1443 2304 ;

319 2357 388 2432 KP.
417 2359 542 2432 ούκονν
560 2360 630 2430 τότ’
649 2359 759 2455 hiala,
784 2363 842 2430 νῦν
860 2359 893 2431 θ’
911 2358 995 2454 ἐγώ,
1019 2359 1062 2432 σύ
1080 2361 1115 2430 d’
1129 2359 1308 2459 οἰκέτης.
1442 2467 1443 2472 ¹

187 2597 227 2670 Ut
249 2597 377 2686 doceat,
410 2623 475 2694 quo
498 2597 566 2668 iure
587 2595 723 2668 Athenis
744 2593 873 2667 Xuthus
895 2609 1021 2692 regnet,
1046 2597 1103 2668 lon
1125 2598 1311 2672 haecdicit

262 2717 339 2788 lon.
359 2716 481 2788 1298:
498 2713 649 2786 ὅπλοισιν
667 2713 775 2809 αύιην
793 2711 840 2784 ού
857 2713 999 2807 λύγοις
1015 2712 1203 2806 ἐρρύσατο.

186 2832 218 2904 in
232 2834 350 2931 quibus
363 2834 472 2932 inepta
486 2859 563 2906 esse
581 2832 631 2904 ού
657 2833 704 2902 λύ
713 2855 828 2926 μοις,
843 2832 1050 2904 consentiunt
1063 2835 1132 2904 lere
1147 2834 1310 2932 interpre·
1442 2861 1443 2868 ¹

186 2965 248 3042 tce,
266 2951 510 3048 luculenterque
529 2952 709 3024 docueruut
727 2976 800 3025 cum
814 2951 1035 3022 Hermanno
1050 2951 1306 3049 Hartungius.

188 3069 276 3140 Unus
308 3094 411 3168 nuper
439 3070 646 3148 Reusoher.
674 3074 808 3159 (Απαοι.
834 3073 878 3141 od
900 3074 959 3141 loc.
984 3070 1108 3162 aliquot
1128 3071 1199 3140 Ιοπ.
1222 3073 1306 3142 Eur.
1442 3071 1443 3074 ’

187 3188 298 3260 Potsd.
317 3184 424 3260 1859.
440 3214 472 3285 p.
493 3187 554 3277 16)
574 3187 749 3260 defendere
768 3200 904 3260 conatus
923 3201 975 3258 est
992 3186 1146 3259 librorum
1164 3188 1309 3285 scriptu-

121 3326 124 3330 ·
170 3331 265 3390 iram,
285 3318 391 3378 motus
410 3305 549 3378 fortasse
568 3306 741 3378 Hermanui
761 3305 955 3402 suspitione:
973 3308 1061 3394 „nisi
1081 3309 1227 3380 Cleonem
1243 3331 1307 3378 πο-

187 3442 256 3498 tarc
277 3428 413 3512 coluit.“
444 3426 540 3496 Putat
557 3425 652 3516 euim,
675 3425 716 3495 ab
734 3423 887 3520 Euripide
906 3449 970 3494 nou
989 3433 1055 3496 tam
1073 3436 1216 3496 veterum
1233 3423 1309 3496 illo·

185 3569 256 3616 rum
282 3544 444 3616 hominum
472 3545 566 3616 vitam
594 3558 627 3616 et
652 3544 794 3616 instituta
821 3544 941 3641 effingi,
965 3569 1063 3641 quam
1087 3569 1167 3618 suae
1189 3545 1307 3616 aetatis

185 3675 273 3734 artes
291 3687 332 3734 ac
349 3687 458 3734 mores
476 3660 613 3758 respici:
629 3658 773 3731 Xuthum
790 3661 896 3758 igitur,
915 3662 970 3759 qui
984 3663 1099 3734 virtute
1117 3661 1233 3734 bellica
1252 3687 1309 3734 ur-

186 3782 259 3852 bem
282 3779 323 3851 ah
347 3779 495 3850 hostibus
513 3779 697 3867 liberasset,
721 3779 763 3850 ita
783 3778 933 3850 laudibus
951 3794 1081 3878 poetam
1100 3790 1250 3870 omess'e,
1274 3793 1309 3852 ut
1442 3845 1443 3882 p

185 3897 281 3968 simul
298 3923 398 3995 prava
417 3896 600 3994 aequalium
619 3897 725 3968 studia
743 3897 930 3994 castigaret,
953 3899 1008 3994 qui
1026 3898 1117 3970 vanis
1136 3922 1176 3970 ec
1193 3899 1309 3969 turbu-

186 4013 280 4088 lentis
305 4015 505 4111 orationibus
528 4015 664 4112 patriam
687 4015 969 4098 conservaresihi
994 4015 1194 4104 viderentur3
1217 4041 1308 4088 eam·
1442 4003 1443 4056 j

186 4159 250 4230 que
276 4134 469 4206 sententiam
496 4133 679 4205 confirmari
711 4131 764 4204 ille
789 4147 880 4230 putat
907 4134 970 4205 hoc
997 4133 1070 4206 looo
1103 4132 1307 4232 Supplicem,
1442 4153 1443 4162 ¹

186 4276 282 4345 quem
300 4250 399 4322 habet
416 4251 542 4325 scilicet
559 4249 764 4341 simillimum,
782 4278 810 4321 v.
833 4251 922 4324 902:
951 4249 1091 4332 Ῑοῦέως
1111 4251 1144 4320 θ’
1163 4247 1307 4322 ἔπαινον
1442 4313 1443 4352 ,
