2900 4834
1220 329 1266 398 99

146 559 244 645 poete
262 505 441 644 scripsisse
459 547 617 618 videatur.
652 547 717 618 Fac
734 547 818 618 enim
939 585 941 595 ι

513 664 799 736 luncuiler
800 663 895 735 Pon
915 665 1030 736 vitiose
1044 677 1174 736 exarata
1189 687 1267 738 essa

145 808 207 879 pro
510 782 692 854 Annuus
695 783 729 853 Γ
732 783 758 852 0
766 779 827 852 ΥΤ
830 782 888 852 ΟΔ
898 834 907 870 ,
931 783 1110 855 orationem
1130 783 1266 857 habebis

145 901 187 972 ad
198 925 269 972 rem
277 900 413 972 maxima
423 900 716 972 accommodatam:
752 899 843 972 τάπὸ
856 899 950 971 τοῦδ’
967 901 1037 997 ἤδη
1051 901 1165 972 κλύων

246 1017 378 1110 λέγοιμ’
396 1017 448 1089 ’ἂν
472 1016 585 1090 ἄλλων
610 1018 665 1112 γ’,
692 1017 743 1089 od
770 1017 861 1089 τάδ’
886 1017 993 1102 αὐτὸς
1010 1017 1162 1090 ἐἰσιδών

147 1135 178 1206 h.
197 1161 226 1206 c.
246 1139 320 1208 lom
336 1161 411 1207 vero
431 1140 471 1207 oh
490 1138 564 1208 ollis
581 1140 707 1230 quidem
725 1152 856 1228 accepto
871 1141 1021 1230 reseram,
1045 1140 1169 1231 ctsqut'
1186 1137 1266 1230 ipso

145 1279 221 1325 noo
239 1257 408 1325 uiderim.
437 1255 550 1352 Neque
569 1255 666 1326 inane
684 1265 734 1326 est
751 1250 840 1352 qnod
855 1255 925 1326 roci
944 1252 1058 1326 ἄλλων
1075 1254 1185 1347 addidi
1203 1278 1266 1348 ys,
1403 1321 1408 1334 ,

148 1395 222 1441 etun
241 1369 354 1452 ἄλλων
371 1371 528 1444 hocloco
545 1372 740 1443 contrarium
760 1372 802 1443 sit
819 1373 1002 1468 pronomini
1017 1371 1138 1454 αὐτόςε
1154 1397 1268 1469 qoam-

145 1493 242 1585 quam
262 1488 356 1560 laoile
374 1489 712 1580 concedmtnemincm
729 1490 987 1592 desideraturum
1005 1515 1092 1581 esso,
1115 1491 1143 1562 si
1162 1491 1266 1563 oratio

14 1607 19 1618 '
145 1605 209 1677 huc
232 1595 392 1702 particula
413 1621 549 1682 careret.
588 1607 637 1680 Ac
660 1608 858 1680 nascebatur
878 1607 914 1696 Δ,
939 1608 1029 1704 quod
1046 1608 1079 1678 in
1098 1608 1266 1680 codicibus

144 1736 207 1814 est,
230 1723 380 1796 facillime
404 1751 443 1797 ex
466 1716 608 1799 extrema
627 1725 774 1799 vocabuli
794 1725 943 1797 Annuit
961 1725 1111 1818 litterula,
1137 1739 1170 1798 ut
1189 1725 1268 1796 nihil
1385 1765 1387 1770 κ

144 1841 358 1934 intercedam,
373 1844 402 1914 si
420 1844 493 1941 quis
511 1843 579 1916 tolli
596 1867 640 1937 γε
656 1844 790 1916 forsitan
810 1842 968 1915 maluerit.
1028 1847 1029 1852 ’

221 2077 388 2152 Heracl.
412 2079 637 2152 1050-52.-

145 2195 322 2293 Postquam
341 2198 540 2295 Eurystheus
559 2197 704 2290 Athenis,
728 2223 813 2296 quae
840 2199 945 2296 ipsum
974 2198 1125 2270 occidere
1143 2197 1265 2269 veritae

145 2326 268 2403 essent,
290 2340 404 2387 necem
431 2341 523 2387 suam
550 2315 627 2386 dixit
653 2315 728 2386 olim
755 2315 851 2388 saluti
879 2317 958 2408 lore,
981 2314 1154 2414 locumque
1177 2316 1265 2388 idem

145 2430 349 2527 significavit,
376 2434 429 2504 uhi
458 2433 589 2532 sepeliri
617 2434 720 2532 ipsius
747 2460 870 2533 corpus
896 2448 1080 2532 oporteret:
1111 2433 1265 2506 Alcmena

144 2549 253 2619 lurore
277 2549 417 2645 quodam
441 2551 603 2624 concitata
626 2551 783 2642 hortatur,
808 2565 841 2622 ut
865 2553 953 2650 quod
981 2552 1051 2622 urhi
1078 2552 1265 2626 conducere

57 2704 60 2716 ·
144 2665 251 2737 hostis
274 2665 346 2764 ipse
370 2667 595 2759 declaraverit,
622 2695 686 2740 non
712 2669 858 2740 dubitent
881 2669 1027 2767 exsequi,
1051 2693 1210 2770 perorans
1234 2696 1263 2744 v.

146 2784 259 2856 1049:
277 2783 409 2882 ἐχθρὸς
425 2787 492 2879 μὲν
514 2789 617 2882 ἁνήρ,
636 2788 773 2884 ὠφελεῖ
787 2787 830 2857 δὲ
851 2787 1045 2858 κατθανών.
1076 2789 1169 2872 Quae
1187 2812 1263 2858 vero

144 2901 207 2974 iam
227 2901 258 2972 in
278 2902 367 2974 libris
386 2903 547 2977 adduntur
565 2891 711 2976 eiusdem
730 2904 904 2979 Alcmenae
924 2905 1022 2977 verba
1159 2888 1165 2898 ¹

195 3046 224 3091 v.
244 3021 356 3094 1050:
373 3021 519 3112 κομίζετ’
536 3021 652 3112 αὐτόν,
671 3023 799 3114 δμῶες,
819 3019 908 3093 εἶτα
921 3023 1005 3119 χρὴ
1023 3021 1116 3094 κυσὶ

372 3139 519 3210 deduce
543 3139 785 3222 κτανόντας·
796 3141 848 3236 μὴ
862 3141 932 3236 γὰρ
947 3138 1090 3236 ἐλπίσῃς
1100 3139 1200 3224 ὅπως
1337 3179 1342 3190 ·

375 3253 480 3338 αὖθις
495 3257 669 3352 πατρῴας
685 3257 752 3338 ζῶν
770 3254 825 3352 ἔμ’
847 3257 1009 3356 ἐκβαλεῖς
1018 3259 1161 3356 χθονός.

144 3370 311 3445 continere
338 3399 377 3444 ea
401 3373 560 3466 videntur,
587 3401 671 3472 quae
696 3375 848 3472 Euripide
873 3375 923 3447 rix
949 3376 1048 3474 digna
1075 3377 1150 3449 sint.
1195 3378 1266 3450 Hoc
1394 3392 1398 3406 '

143 3491 229 3562 enim
256 3491 284 3560 si
312 3489 467 3564 Alcmena
494 3494 684 3584 monuisset,
718 3507 751 3564 ut
781 3493 951 3590 Eurysthei
979 3519 1101 3592 corpus
1129 3496 1264 3568 canibus

143 3607 356 3704 proiiceretur
370 3609 578 3702 inhumatum,
596 3611 772 3686 chorumne
790 3625 886 3709 putas
904 3611 936 3684 id
955 3613 1087 3711 probari
1106 3613 1168 3686 sihi
1187 3639 1265 3711 pro·

145 3727 360 3798 nuntiaturum
385 3729 487 3800 luisse
505 3755 533 3800 v.
553 3729 665 3804 1052:
687 3727 795 3800 ταύτὰ
813 3731 994 3821 (λακεῖμαι,
1019 3730 1073 3826 qui
1092 3731 1189 3802 modo
1208 3757 1265 3803 ex-

143 3844 331 3948 audivisset
354 3871 450 3943 quam
466 3847 536 3917 urhi
551 3846 688 3919 salutem
702 3846 786 3919 iusta
801 3845 970 3942 Eurysthei
989 3846 1155 3945 sepultura
1175 3862 1265 3919 esset

143 3959 308 4034 allatura?
342 3965 471 4037 Minime
489 3961 614 4036 hercle!
644 3966 742 4036 lmmo
761 3963 927 4037 liberanda
947 3979 999 4038 ost
1015 3967 1119 4064 oratio
1137 3963 1264 4036 addita·

143 4095 251 4153 mento
270 4082 486 4181 ineptissimo.
523 4082 739 4156 Scribeudum
758 4097 881 4156 nutem:

321 4201 468 4292 κομίζετ’
485 4201 604 4274 αὐτόν·
619 4202 671 4297 μὴ
690 4203 759 4295 γὰρ
779 4200 922 4297 ἐλπίσῃς
937 4202 1037 4282 ὅπως
1138 4229 1149 4239 ·

323 4315 428 4398 αὖθις
440 4319 612 4414 πατρῴας
623 4320 690 4400 ζῶν
703 4315 759 4411 ἔμ’
774 4317 937 4419 ἐκβαλεῖς
941 4321 1083 4416 χθονός.

1060 4453 1093 4504 7·
