2900 4834
1205 307 1270 378 101

156 525 341 604 Haeovere
363 524 405 594 ab
423 523 577 621 Euripide
600 525 723 622 scripta
747 547 823 595 esse
847 549 911 594 non
936 525 1046 596 oredo.
1088 523 1202 595 Mirum
1226 539 1277 597 est

154 644 252 733 enim,
276 641 401 712 coelum
421 639 652 732 sive'aethera,
676 641 761 712 unde
779 654 964 714 concretum
983 655 1034 714 est
1057 644 1115 732 (ol.
1132 671 1159 716 r.
1177 645 1225 716 34
1244 657 1277 716 el

154 762 230 834 584
249 763 331 856 σα),
356 771 522 855 patrem
540 761 649 831 vocari
668 786 687 830 a
706 759 891 849 simulacro,
915 758 994 831 mira
1014 762 1085 858 ipsa
1105 761 1275 833 verborum

83 861 89 870 x
155 877 328 950 collocatio
355 902 395 948 ao
422 889 594 949 structura.
644 877 764 949 Eadem
791 876 961 950 Nauokio
988 879 1135 950 videntur
1161 879 1277 977 displi-

156 996 277 1085 cuisse,
295 995 389 1067 cuius
407 995 626 1067 coniecturam
643 995 764 1066 πάλιν
783 993 824 1076 ἐς
839 993 989 1087 οὐρανόν
1007 1021 1068 1068 suo
1086 1023 1176 1070 more
1194 1011 1277 1070 tam·

155 1139 252 1211 quam
271 1139 364 1185 suam
383 1113 573 1184 Cubalus
592 1113 734 1210 protulit.
772 1114 814 1184 Ar
836 1139 899 1185 nou
924 1114 1035 1211 liquet,
1059 1141 1123 1210 qua
1145 1117 1276 1188 tandem

154 1233 281 1304 ratione
294 1256 333 1303 ex
347 1231 445 1301 πάλιν
460 1230 550 1301 nasei
566 1229 686 1322 πατέρ’
697 1231 847 1327 potuerit.
869 1231 1004 1303 Videtur
1011 1232 1119 1329 potius
1129 1233 1276 1304 σώσασα

155 1348 281 1440 πατέρ’
299 1347 340 1428 ές
361 1361 465 1420 ortum
488 1373 564 1419 esse
588 1373 642 1419 ex:
665 1345 820 1418 σώσασ’
843 1345 956 1442 ἄφαρ
981 1348 1099 1440 πρός,
1123 1350 1213 1446 quod
1236 1375 1276 1422 eo

155 1466 282 1540 laoilius
301 1466 331 1536 in
350 1464 428 1536 illud
447 1477 675 1536 commulatum
694 1479 756 1556 est,
781 1466 932 1562 quoniam
952 1463 1001 1548 ές
1016 1480 1048 1538 et
1066 1465 1182 1557 πρός
1202 1493 1277 1539 sae-

155 1609 333 1683 penumero
352 1583 508 1680 permixta
528 1609 604 1654 esse
623 1596 765 1665 constan
785 1584 826 1654 ol.
842 1584 1054 1656 Personad
1069 1584 1176 1656 Orest.
1189 1586 1274 1657 439.

154 1703 285 1776 Elmsl.
309 1702 352 1773 ad
378 1699 462 1772 Med.
486 1702 593 1772 1044.
622 1701 749 1773 laoob.
775 1702 818 1772 ad
839 1701 970 1773 lucian.
994 1702 1110 1774 Toxar.
1136 1731 1168 1800 p.
1192 1705 1275 1774 114.

153 1822 241 1894 ldem
264 1818 382 1912 πρὸς
405 1813 602 1909 οὐρανόν
620 1818 738 1914 legitur
754 1816 824 1890 Hel.
846 1819 953 1892 1095.
987 1819 1034 1890 [le
1052 1845 1132 1892 voce
1151 1819 1277 1914 ἄφαρ

151 1953 263 2012 autem
282 1940 322 2011 al.
339 1939 407 2035 lph.
419 1937 515 2008 laur.
534 1938 648 2008 1274:
665 1935 794 2030 γέλασε
811 1937 858 2027 ἄ,
879 1937 929 2010 ὅτι
947 1936 1050 2019 τέκος
1063 1935 1181 2031 ἄφαρ
1200 1935 1278 2037 ἔβα

153 2059 222 2130 κτλ.
250 2056 354 2155 Sopb.
370 2055 487 2126 Trach.
507 2056 594 2126 134:
613 2053 727 2148 ἄφαρ
743 2054 988 2160 βέβηκεκελ.
1009 2055 1218 2126 Pindum.
1236 2055 1278 2147 X,

157 2176 220 2246 63:
237 2173 424 2270 λαιψηροῖς
439 2172 481 2242 δὲ
499 2172 660 2242 πόδεσσιν
678 2169 792 2266 ἄφαρ
812 2171 1043 2252 ἐξικέσθαν.
1073 2173 1221 2244 Ceterum
1236 2174 1278 2245 de

156 2292 302 2364 eiusdem
328 2289 492 2362 simulacri
510 2289 668 2361 discessu
691 2289 815 2361 Helena
839 2315 867 2372 γ.
886 2290 982 2361 1219
1007 2290 1103 2364 dicits
1131 2289 1281 2387 νεφέλης
1347 2335 1350 2345 ·

154 2407 269 2503 λέγεις
288 2407 434 2503 ἄγσλρ’;
457 2407 506 2488 ἐς
527 2389 838 2502 αἶιλέρῖὀξκεται.

231 2646 417 2719 Admiratus
437 2646 578 2736 nuntius,
603 2672 688 2743 quae
706 2645 803 2717 modo
822 2645 863 2716 de
881 2644 1057 2716 simulacro
1076 2645 1220 2718 Helenae
1239 2673 1278 2717 ex

156 2766 304 2839 Menelao
323 2764 453 2854 audivit,
471 2764 599 2861 quaerit
658 2783 662 2792 ’

232 2883 312 2956 Hel.
329 2884 417 2956 709:
436 2885 459 2977 ἡ
478 2881 511 2951 (λ’
528 2877 615 2951 οᾶσ’
632 2880 803 2977 ἀληθῶς
819 2878 910 2951 ἐστιν
928 2879 995 2976 ilde
1012 2881 1058 2976 σὴ
1077 2882 1217 2974 deinum
1371 2901 1372 2907 ’

154 3003 229 3075 'lure
252 3027 292 3073 ao
315 3000 430 3072 merito
448 2997 547 3071 verba
569 3001 593 3093 ἡ
616 2997 649 3069 d’
671 2995 767 3068 οὔσ’
789 3010 941 3095 oorrupta
960 2998 1172 3071 Nauokius
1191 3001 1279 3092 dicit,

157 3120 384 3215 consentitque
403 3119 475 3214 ipse
492 3115 712 3208 Klotzius‚
731 3115 906 3214 religiosus
924 3116 978 3188 ille
996 3116 1148 3189 librorum
1167 3131 1281 3191 auoto-

156 3238 262 3308 ritatis
286 3249 372 3309 tutor
394 3257 432 3307 ao
454 3247 622 3332 patronus.
667 3235 770 3320 Quod·
788 3260 865 3306 vero
888 3235 1029 3306 Goram
1054 3239 1154 3325 (Mos.
1176 3239 1278 3310 Rhea.
1302 3247 1305 3252 ’

157 3353 265 3426 XVlll.
283 3381 315 3451 p.
332 3354 422 3442 616]
441 3352 595 3424 coniecit:
613 3350 759 3448 ἡβῶσ’,
774 3375 838 3421 non
858 3351 1011 3448 cogitavit
1028 3349 1092 3443 ille,
1109 3353 1198 3424 inani
1215 3356 1280 3427 hoo

156 3473 257 3544 verbo
276 3470 404 3543 minime
423 3454 534 3542 berole
553 3469 718 3540 emendari
738 3469 928 3540 orationem.
962 3469 1035 3554 Quo
1055 3470 1154 3542 multo
1172 3473 1280 3569 aptius

156 3591 255 3661 leret:
277 3587 424 3681 φεγῶσ’
445 3587 592 3682 ἀληθῶς
613 3585 702 3658 ἐστιν
725 3587 792 3682 ἥδε
815 3588 862 3684 σὴ
887 3589 1026 3678 deinum
1060 3586 1127 3659 Sed
1153 3614 1193 3661 ne
1217 3591 1282 3662 hoo

158 3707 289 3804 quidem
308 3689 388 3777 salis
407 3705 525 3803 placel.
562 3706 661 3777 lmmo
685 3701 766 3776 odo’
782 3704 929 3800 ἀληθῶς
949 3705 1027 3775 nihil
1044 3704 1132 3776 aliud
1151 3720 1201 3779 est
1219 3708 1281 3779 uisi

158 3827 220 3904 ὡς
245 3822 399 3918 ἀληθῶς,
428 3847 492 3918 qua
516 3822 679 3894 locutione
702 3835 734 3894 et
756 3821 928 3920 Euripides
953 3823 1025 3920 ipse
1051 3826 1148 3896 ulitur
1171 3825 1278 3897 Orest.

157 3943 247 4014 739:
273 3940 296 4037 ἦ
320 3943 390 4035 γάρ
415 3941 505 4013 ἐστιν
527 3945 589 4022 ὡς
609 3940 795 4036 ἀληθῶς
817 3941 913 4036 τήνδ’
936 3941 1129 4037 ἀφιγμένος
1146 3943 1281 4036 χιλόνας

157 4047 265 4132 etalii
291 4060 471 4156 scriptores
495 4083 744 4154 saepenumero,
775 4071 808 4129 ut
836 4058 945 4131 Alexis
969 4085 1053 4132 oom.
1078 4061 1191 4157 lragm.
1215 4061 1278 4132 ino.

157 4175 276 4268 ΧΧΧΙ,
295 4178 317 4248 3
336 4178 387 4268 (3,
406 4178 513 4266 518);
532 4178 593 4274 τὴν
612 4177 754 4267 δύναμιν
776 4175 984 4272 κεκτημέναι
1007 4177 1068 4272 τὴν
1093 4181 1155 4259 ὡς
1174 4177 1280 4273 ἄλη-

160 4297 260 4376 ddi<
283 4293 511 4367 συντελοῦσαν
535 4298 589 4390 τῷ
609 4292 690 4392 βίῳ.
720 4291 872 4366 Anaxilas
899 4319 982 4366 com.
1006 4297 1044 4367 lr.
1067 4295 1172 4368 Neon.
1197 4296 1232 4386 ll,
1259 4295 1282 4368 6
