2900 4834
1071 420 1075 428 ,
1203 345 1274 416 137

153 571 215 642 nisi
233 570 317 642 sorte
334 579 497 666 praestat:
519 567 590 648 τοῖς
608 565 772 638 καλοῖσιν
791 565 961 666 ἤθεσιν.
989 565 1103 664 Neque
1117 587 1195 636 vero
1213 562 1276 634 hac
1351 563 1356 570 ’

151 687 379 762 emendatione
393 697 589 783 personatus
604 683 706 757 loeus.
727 681 943 756 Scribendum
958 681 1044 755 enim
1059 709 1086 754 v.
1102 682 1134 752 1.

303 803 482 900 δύστηνος,
501 801 596 885 ὅστις
611 801 653 877 τὰ
670 801 761 873 καλὰ
778 799 953 898 κάᾡεοάῆ
970 797 1094 893 λέγων.

150 925 198 996 De
220 921 380 995 sententia
401 935 508 993 autem
529 945 594 991 non
616 919 757 992 alienum
778 932 829 990 est
851 917 1000 992 conferre
1022 916 1060 987 fr.
1078 915 1168 988 838:
1190 913 1273 1004 alai,

150 1041 223 1112 τάδ’
245 1042 315 1137 ἤδη
337 1042 434 1111 θεῖον
455 1038 659 1131 ἀνθρώποις
677 1038 795 1126 κακόν,
818 1035 901 1108 ὅταν
923 1059 973 1116 τις
986 1031 1086 1128 εἰδῇ
1106 1032 1272 1128 τάγαθόν,

146 1163 303 1254 χρῆται
323 1156 365 1228 δὲ
382 1158 446 1252 μή.
467 1157 518 1228 Fr.
533 1157 620 1246 576,
634 1156 668 1227 4.
689 1155 882 1229 53:587.
904 1153 1027 1244 205‚-4
1042 1177 1115 1250 sqq.
1136 1151 1270 1224 Philam.

79 1315 82 1321 ·
152 1298 235 1346 eom.
248 1274 285 1346 fr.
295 1273 358 1347 ino
367 1271 433 1345 XL.
445 1299 474 1347 o.
487 1274 538 1366 (4,
548 1274 624 1364 48).
642 1272 904 1372 Posidippoom.
916 1271 954 1343 [r.
966 1269 1095 1342 inavll.
1108 1270 1270 1361 [4,526).
1396 1331 1399 1336 .

226 1491 282 1564 Fr.
297 1492 405 1584 1039,
421 1493 459 1564 3:
472 1492 563 1588 ὁρᾷς
573 1491 631 1563 τὸν
644 1488 857 1584 εὐτράπεζον
871 1493 925 1572 ὡς
935 1488 1026 1586 ἡδὺς
1033 1487 1116 1587 βίος
1145 1578 1154 1585 .

471 1607 495 1680 ὄ
514 1607 545 1680 τ’
569 1606 676 1706 ὄλβος
695 1603 830 1690 ἔξωθέν
852 1606 894 1678 τί
897 1631 918 1689 ς
936 1605 1023 1680 ἐστι
1044 1607 1269 1700 πραγμάτων.

149 1723 320 1797 Sententia
334 1725 465 1822 qnidem
480 1738 531 1798 est
544 1727 732 1823 perspicua,
751 1737 905 1823 corrupta
919 1751 997 1797 vero
1011 1724 1082 1797 sine
1095 1724 1195 1797 dubio
1208 1723 1275 1806 τίς

150 1841 246 1912 ἐστι
254 1894 265 1932 ,
285 1867 369 1940 quae
388 1843 542 1941 speciose
560 1842 700 1915 correxit
717 1840 930 1913 Halmius:
956 1829 958 1834 ¹

225 1975 229 1983 ’
326 1957 350 2030 ὄ
365 1959 395 2029 τ’
413 1957 518 2056 ὄλβος
534 1961 596 2041 ὡς
611 1955 747 2038 ἔξωθέν
764 1956 836 2030 ἐστι
853 1960 1077 2052 πραγμάτων.
1179 1973 1182 1980 ’

148 2075 254 2147 Nihilo
272 2076 377 2146 minus
397 2075 528 2147 dubium
548 2088 609 2166 est,
623 2099 698 2145 num
716 2087 807 2148 reete
825 2076 1044 2149 emendaverit
1056 2077 1104 2148 vir
1117 2077 1271 2150 doetissi-

148 2218 231 2284 πονε,
246 2218 319 2265 cum
334 2218 399 2268 non
413 2191 628 2290 intellegatur,
643 2192 729 2266 unde
747 2190 791 2263 τί
793 2216 829 2282 ς,
844 2194 933 2291 quod
947 2194 978 2264 in
994 2194 1160 2287 libris'est,
1174 2221 1269 2268 anor·

148 2324 216 2383 tum
230 2337 307 2385 esse
321 2311 478 2402 videatur.
498 2312 708 2408 Quapropter
720 2311 770 2382 sio
783 2311 869 2383 malo
882 2309 997 2385 tollere
1011 2312 1138 2385 vitium:
1268 2315 1271 2320 ’

327 2420 351 2500 n
366 2428 396 2500 τ’
414 2426 520 2527 ὄλβος
535 2423 671 2509 ἔξωθεν
688 2425 841 2526 τίθησι
858 2430 1084 2524 πραγμάτων.

152 2545 302 2620 Pleno!
323 2545 409 2620 enim
436 2545 530 2620 facile
557 2545 722 2643 eorrumpi
748 2541 882 2646 poterat*
901 2546 933 2619 in
965 2545 1134 2622 TICECTI.
