<?xml version="1.0" encoding="UTF-8"?>
<!DOCTYPE html PUBLIC "-//W3C//DTD XHTML 1.0 Transitional//EN"
    "http://www.w3.org/TR/xhtml1/DTD/xhtml1-transitional.dtd">
<html xmlns="http://www.w3.org/1999/xhtml" xml:lang="en" lang="en">
 <head>
  <title>
</title>
<meta http-equiv="Content-Type" content="text/html;charset=utf-8" />
  <meta name='ocr-system' content='tesseract 3.04.00' />
  <meta name='ocr-capabilities' content='ocr_page ocr_carea ocr_par ocr_line ocrx_word'/>
</head>
<body>
  <div class='ocr_page' id='page_1' title='image "./analectasophocl00schmgoog_0018.png"; bbox 0 0 2914 4820; ppageno 0'>
   <div class='ocr_carea' id='block_1_1' title="bbox 223 503 966 628">
    <p class='ocr_par' dir='ltr' id='par_1_1' title="bbox 223 503 966 628">
     <span class='ocr_line' id='line_1_1' title="bbox 223 503 966 628; baseline -0.004 -25"><span class='ocrx_word' id='word_1_1' title='bbox 223 532 298 604; x_wconf 81' lang='lat'>760</span> <span class='ocrx_word' id='word_1_2' title='bbox 316 530 510 612; x_wconf 76' lang='grc' dir='ltr'><em>ἐξοιότεοσε</em></span> <span class='ocrx_word' id='word_1_3' title='bbox 529 535 591 628; x_wconf 77' lang='grc' dir='ltr'>τῆς</span> <span class='ocrx_word' id='word_1_4' title='bbox 607 531 700 628; x_wconf 79' lang='grc' dir='ltr'><em>ἐμῆς</em></span> <span class='ocrx_word' id='word_1_5' title='bbox 709 503 830 626; x_wconf 57' lang='grc' dir='ltr'><em>μειμός</em></span> <span class='ocrx_word' id='word_1_6' title='bbox 845 527 966 622; x_wconf 63' lang='grc' dir='ltr'>«θιγών,</span> 
     </span>
    </p>
   </div>
   <div class='ocr_carea' id='block_1_2' title="bbox 161 647 1356 1802">
    <p class='ocr_par' dir='ltr' id='par_1_2' title="bbox 161 647 1356 1802">
     <span class='ocr_line' id='line_1_2' title="bbox 315 647 772 746; baseline 0.002 -28"><span class='ocrx_word' id='word_1_7' title='bbox 315 648 450 741; x_wconf 56' lang='grc' dir='ltr'><em>ἀτμούς</em></span> <span class='ocrx_word' id='word_1_8' title='bbox 464 672 532 743; x_wconf 79' lang='grc' dir='ltr'>σφε</span> <span class='ocrx_word' id='word_1_9' title='bbox 548 647 686 746; x_wconf 79' lang='grc' dir='ltr'><em>πέμῴαι</em></span> <span class='ocrx_word' id='word_1_10' title='bbox 703 649 772 736; x_wconf 77' lang='grc' dir='ltr'>κτλ.</span> 
     </span>
     <span class='ocr_line' id='line_1_3' title="bbox 167 762 1281 865; baseline -0.002 -27"><span class='ocrx_word' id='word_1_11' title='bbox 167 767 355 838; x_wconf 89' lang='lat' dir='ltr'>Perversum</span> <span class='ocrx_word' id='word_1_12' title='bbox 380 767 464 837; x_wconf 91' lang='lat' dir='ltr'>enim</span> <span class='ocrx_word' id='word_1_13' title='bbox 484 791 560 838; x_wconf 91' lang='lat' dir='ltr'>esse</span> <span class='ocrx_word' id='word_1_14' title='bbox 579 767 703 838; x_wconf 88' lang='lat' dir='ltr'>videtur</span> <span class='ocrx_word' id='word_1_15' title='bbox 721 766 808 862; x_wconf 88' lang='lat' dir='ltr'>quod</span> <span class='ocrx_word' id='word_1_16' title='bbox 829 779 929 865; x_wconf 81' lang='lat' dir='ltr'>poeta</span> <span class='ocrx_word' id='word_1_17' title='bbox 946 764 1009 836; x_wconf 89' lang='lat' dir='ltr'>boo</span> <span class='ocrx_word' id='word_1_18' title='bbox 1029 762 1099 834; x_wconf 89' lang='lat' dir='ltr'>ioco</span> <span class='ocrx_word' id='word_1_19' title='bbox 1122 764 1281 836; x_wconf 85' lang='lat' dir='ltr'>incestam</span> 
     </span>
     <span class='ocr_line' id='line_1_4' title="bbox 167 880 1282 979; baseline -0.001 -25"><span class='ocrx_word' id='word_1_20' title='bbox 167 884 241 958; x_wconf 84' lang='lat' dir='ltr'>iaoit</span> <span class='ocrx_word' id='word_1_21' title='bbox 265 884 425 955; x_wconf 82' lang='lat' dir='ltr'>deservo</span> <span class='ocrx_word' id='word_1_22' title='bbox 449 883 622 972; x_wconf 81' lang='lat' dir='ltr'>dicantem,</span> <span class='ocrx_word' id='word_1_23' title='bbox 638 883 716 979; x_wconf 84' lang='lat' dir='ltr'>¹qni,</span> <span class='ocrx_word' id='word_1_24' title='bbox 745 907 819 954; x_wconf 86' lang='lat' dir='ltr'>oum</span> <span class='ocrx_word' id='word_1_25' title='bbox 843 882 915 975; x_wconf 84' lang='lat' dir='ltr'>ipse</span> <span class='ocrx_word' id='word_1_26' title='bbox 937 880 1081 951; x_wconf 87' lang='lat' dir='ltr'>nuntium</span> <span class='ocrx_word' id='word_1_27' title='bbox 1105 881 1147 952; x_wconf 86' lang='lat' dir='ltr'>de</span> <span class='ocrx_word' id='word_1_28' title='bbox 1169 884 1282 954; x_wconf 86' lang='lat' dir='ltr'>occiso</span> 
     </span>
     <span class='ocr_line' id='line_1_5' title="bbox 163 998 1356 1093; baseline -0.005 -23"><span class='ocrx_word' id='word_1_29' title='bbox 163 999 243 1072; x_wconf 83' lang='lat' dir='ltr'>bain</span> <span class='ocrx_word' id='word_1_30' title='bbox 256 1000 387 1072; x_wconf 82' lang='lat' dir='ltr'><strong>Thebas</strong></span> <span class='ocrx_word' id='word_1_31' title='bbox 405 999 546 1071; x_wconf 74' lang='lat' dir='ltr'>attulerit</span> <span class='ocrx_word' id='word_1_32' title='bbox 560 1000 617 1090; x_wconf 82' lang='lat' dir='ltr'>(ef.</span> <span class='ocrx_word' id='word_1_33' title='bbox 628 1025 656 1070; x_wconf 91' lang='lat' dir='ltr'>v.</span> <span class='ocrx_word' id='word_1_34' title='bbox 672 999 772 1087; x_wconf 78' lang='lat'><strong>123),</strong></span> <span class='ocrx_word' id='word_1_35' title='bbox 785 998 887 1069; x_wconf 82' lang='lat' dir='ltr'>redux</span> <span class='ocrx_word' id='word_1_36' title='bbox 903 999 937 1068; x_wconf 90' lang='lat' dir='ltr'>in</span> <span class='ocrx_word' id='word_1_37' title='bbox 956 999 1093 1093; x_wconf 84' lang='lat' dir='ltr'>patriam</span> <span class='ocrx_word' id='word_1_38' title='bbox 1113 1023 1176 1070; x_wconf 92' lang='lat' dir='ltr'>non</span> <span class='ocrx_word' id='word_1_39' title='bbox 1195 1014 1284 1072; x_wconf 86' lang='lat' dir='ltr'>reete</span> <span class='ocrx_word' id='word_1_40' title='bbox 1347 999 1356 1064; x_wconf 72' lang='grc'>’.</span> 
     </span>
     <span class='ocr_line' id='line_1_6' title="bbox 163 1116 1282 1202; baseline 0 -14"><span class='ocrx_word' id='word_1_41' title='bbox 163 1118 226 1189; x_wconf 86' lang='lat' dir='ltr'>diei</span> <span class='ocrx_word' id='word_1_42' title='bbox 238 1118 386 1189; x_wconf 84' lang='lat' dir='ltr'>videatur</span> <span class='ocrx_word' id='word_1_43' title='bbox 398 1133 464 1190; x_wconf 88' lang='lat' dir='ltr'>tum</span> <span class='ocrx_word' id='word_1_44' title='bbox 479 1119 607 1189; x_wconf 84' lang='lat' dir='ltr'>demam</span> <span class='ocrx_word' id='word_1_45' title='bbox 623 1116 702 1188; x_wconf 76' lang='grc' dir='ltr'><em>ῖόεῖν</em></span> <span class='ocrx_word' id='word_1_46' title='bbox 711 1117 816 1188; x_wconf 79' lang='grc' dir='ltr'><em>Λάϊον</em></span> <span class='ocrx_word' id='word_1_47' title='bbox 828 1116 1028 1187; x_wconf 80' lang='grc' dir='ltr'><em>ὀλωλότα.</em></span> <span class='ocrx_word' id='word_1_48' title='bbox 1049 1118 1120 1202; x_wconf 83' lang='lat' dir='ltr'>Qua</span> <span class='ocrx_word' id='word_1_49' title='bbox 1131 1117 1172 1188; x_wconf 89' lang='lat' dir='ltr'>de</span> <span class='ocrx_word' id='word_1_50' title='bbox 1183 1141 1282 1188; x_wconf 84' lang='lat' dir='ltr'>cansa</span> 
     </span>
     <span class='ocr_line' id='line_1_7' title="bbox 162 1231 1281 1331; baseline 0 -25"><span class='ocrx_word' id='word_1_51' title='bbox 162 1233 278 1306; x_wconf 74' lang='lat' dir='ltr'>Maur.</span> <span class='ocrx_word' id='word_1_52' title='bbox 294 1234 477 1307; x_wconf 81' lang='lat' dir='ltr'><strong>Schmidt.</strong></span> <span class='ocrx_word' id='word_1_53' title='bbox 494 1235 645 1331; x_wconf 85' lang='lat' dir='ltr'>nuperin</span> <span class='ocrx_word' id='word_1_54' title='bbox 661 1237 757 1305; x_wconf 79' lang='lat' dir='ltr'>Dior.</span> <span class='ocrx_word' id='word_1_55' title='bbox 772 1257 835 1305; x_wconf 80' lang='grc' dir='ltr'>νιν.</span> <span class='ocrx_word' id='word_1_56' title='bbox 849 1235 949 1304; x_wconf 77' lang='lat' dir='ltr'>sobal.</span> <span class='ocrx_word' id='word_1_57' title='bbox 964 1235 1070 1304; x_wconf 71' lang='grc' dir='ltr'>Ααιιν.</span> <span class='ocrx_word' id='word_1_58' title='bbox 1087 1231 1155 1304; x_wconf 86' lang='lat' dir='ltr'>XV.</span> <span class='ocrx_word' id='word_1_59' title='bbox 1172 1257 1204 1330; x_wconf 88' lang='lat' dir='ltr'>p.</span> <span class='ocrx_word' id='word_1_60' title='bbox 1222 1235 1281 1306; x_wconf 83' lang='lat'>26.</span> 
     </span>
     <span class='ocr_line' id='line_1_8' title="bbox 161 1349 1285 1448; baseline -0.002 -24"><span class='ocrx_word' id='word_1_61' title='bbox 161 1352 304 1424; x_wconf 83' lang='lat' dir='ltr'>eoaieoit</span> <span class='ocrx_word' id='word_1_62' title='bbox 324 1354 535 1424; x_wconf 83' lang='lat' dir='ltr'>scribendum</span> <span class='ocrx_word' id='word_1_63' title='bbox 558 1377 652 1424; x_wconf 86' lang='lat' dir='ltr'>esse:</span> <span class='ocrx_word' id='word_1_64' title='bbox 675 1351 779 1422; x_wconf 76' lang='grc' dir='ltr'><em>Λάὲόν</em></span> <span class='ocrx_word' id='word_1_65' title='bbox 802 1351 832 1420; x_wconf 76' lang='grc' dir='ltr'>τ’</span> <span class='ocrx_word' id='word_1_66' title='bbox 851 1349 1113 1442; x_wconf 79' lang='grc' dir='ltr'><em>ἐρριμμένον.</em></span> <span class='ocrx_word' id='word_1_67' title='bbox 1154 1352 1194 1422; x_wconf 83' lang='lat' dir='ltr'>At</span> <span class='ocrx_word' id='word_1_68' title='bbox 1217 1353 1285 1448; x_wconf 88' lang='lat' dir='ltr'>pri-</span> 
     </span>
     <span class='ocr_line' id='line_1_9' title="bbox 163 1467 1283 1567; baseline 0.002 -27"><span class='ocrx_word' id='word_1_69' title='bbox 163 1493 249 1541; x_wconf 86' lang='lat' dir='ltr'>mom</span> <span class='ocrx_word' id='word_1_70' title='bbox 268 1471 398 1567; x_wconf 83' lang='lat' dir='ltr'>quidam</span> <span class='ocrx_word' id='word_1_71' title='bbox 417 1472 460 1542; x_wconf 88' lang='lat' dir='ltr'>ita</span> <span class='ocrx_word' id='word_1_72' title='bbox 479 1472 520 1542; x_wconf 88' lang='lat' dir='ltr'>de</span> <span class='ocrx_word' id='word_1_73' title='bbox 534 1471 694 1542; x_wconf 79' lang='lat' dir='ltr'>exstineto</span> <span class='ocrx_word' id='word_1_74' title='bbox 710 1470 825 1542; x_wconf 88' lang='lat' dir='ltr'>marito</span> <span class='ocrx_word' id='word_1_75' title='bbox 839 1467 927 1566; x_wconf 87' lang='lat' dir='ltr'>loqui</span> <span class='ocrx_word' id='word_1_76' title='bbox 941 1471 991 1540; x_wconf 88' lang='lat' dir='ltr'>vix</span> <span class='ocrx_word' id='word_1_77' title='bbox 1004 1470 1101 1541; x_wconf 89' lang='lat' dir='ltr'>deoet</span> <span class='ocrx_word' id='word_1_78' title='bbox 1113 1471 1283 1542; x_wconf 79' lang='lat' dir='ltr'>incestam.</span> 
     </span>
     <span class='ocr_line' id='line_1_10' title="bbox 163 1587 1285 1684; baseline 0.002 -26"><span class='ocrx_word' id='word_1_79' title='bbox 163 1588 287 1660; x_wconf 81' lang='lat' dir='ltr'>Deinde</span> <span class='ocrx_word' id='word_1_80' title='bbox 311 1613 374 1659; x_wconf 91' lang='lat' dir='ltr'>non</span> <span class='ocrx_word' id='word_1_81' title='bbox 398 1587 564 1660; x_wconf 80' lang='lat' dir='ltr'>credibilis</span> <span class='ocrx_word' id='word_1_82' title='bbox 588 1602 639 1660; x_wconf 87' lang='lat' dir='ltr'>est</span> <span class='ocrx_word' id='word_1_83' title='bbox 662 1587 744 1660; x_wconf 85' lang='lat' dir='ltr'>haee</span> <span class='ocrx_word' id='word_1_84' title='bbox 767 1599 855 1658; x_wconf 91' lang='lat' dir='ltr'>tanta</span> <span class='ocrx_word' id='word_1_85' title='bbox 873 1587 991 1658; x_wconf 81' lang='lat' dir='ltr'>veteris</span> <span class='ocrx_word' id='word_1_86' title='bbox 1010 1588 1192 1684; x_wconf 83' lang='lat' dir='ltr'>seripturae</span> <span class='ocrx_word' id='word_1_87' title='bbox 1210 1613 1285 1674; x_wconf 63' lang='grc' dir='ltr'>οω-</span> 
     </span>
     <span class='ocr_line' id='line_1_11' title="bbox 162 1704 1283 1802; baseline 0 -27"><span class='ocrx_word' id='word_1_88' title='bbox 162 1706 282 1802; x_wconf 84' lang='lat' dir='ltr'>rnptio‚</span> <span class='ocrx_word' id='word_1_89' title='bbox 301 1719 335 1776; x_wconf 91' lang='lat' dir='ltr'>ut</span> <span class='ocrx_word' id='word_1_90' title='bbox 351 1705 507 1777; x_wconf 78' lang='grc' dir='ltr'><em>ὀλωλότα</em></span> <span class='ocrx_word' id='word_1_91' title='bbox 526 1732 564 1779; x_wconf 87' lang='lat' dir='ltr'>ex</span> <span class='ocrx_word' id='word_1_92' title='bbox 583 1704 791 1798; x_wconf 76' lang='grc' dir='ltr'><em>ἐρριμμένον</em></span> <span class='ocrx_word' id='word_1_93' title='bbox 812 1705 976 1777; x_wconf 77' lang='lat' dir='ltr'>exstitisse</span> <span class='ocrx_word' id='word_1_94' title='bbox 994 1719 1154 1802; x_wconf 85' lang='lat' dir='ltr'>putemus.</span> <span class='ocrx_word' id='word_1_95' title='bbox 1189 1707 1283 1791; x_wconf 85' lang='lat' dir='ltr'>Quod</span> 
     </span>
    </p>
   </div>
   <div class='ocr_carea' id='block_1_3' title="bbox 162 1822 1422 1918">
    <p class='ocr_par' dir='ltr' id='par_1_3' title="bbox 162 1822 1422 1918">
     <span class='ocr_line' id='line_1_12' title="bbox 162 1822 1422 1918; baseline -0.001 -24"><span class='ocrx_word' id='word_1_96' title='bbox 162 1825 191 1894; x_wconf 87' lang='lat' dir='ltr'>si</span> <span class='ocrx_word' id='word_1_97' title='bbox 215 1824 297 1894; x_wconf 88' lang='lat' dir='ltr'>iusta</span> <span class='ocrx_word' id='word_1_98' title='bbox 315 1837 407 1895; x_wconf 85' lang='lat' dir='ltr'>esset</span> <span class='ocrx_word' id='word_1_99' title='bbox 424 1824 614 1896; x_wconf 75' lang='lat' dir='ltr'>offensionis</span> <span class='ocrx_word' id='word_1_100' title='bbox 633 1847 745 1914; x_wconf 69' lang='lat' dir='ltr'>aaron,</span> <span class='ocrx_word' id='word_1_101' title='bbox 763 1823 862 1896; x_wconf 82' lang='lat' dir='ltr'>maito</span> <span class='ocrx_word' id='word_1_102' title='bbox 886 1847 967 1895; x_wconf 89' lang='lat' dir='ltr'>sane</span> <span class='ocrx_word' id='word_1_103' title='bbox 986 1823 1067 1895; x_wconf 84' lang='lat' dir='ltr'>soret</span> <span class='ocrx_word' id='word_1_104' title='bbox 1085 1822 1284 1918; x_wconf 78' lang='lat' dir='ltr'>probabilior</span> <span class='ocrx_word' id='word_1_105' title='bbox 1415 1871 1422 1882; x_wconf 73' lang='lat'><strong><em>,</em></strong></span> 
     </span>
    </p>
   </div>
   <div class='ocr_carea' id='block_1_4' title="bbox 158 1927 1288 4389">
    <p class='ocr_par' dir='ltr' id='par_1_4' title="bbox 162 1927 1098 2038">
     <span class='ocr_line' id='line_1_13' title="bbox 162 1927 1098 2038; baseline -0.002 -26"><span class='ocrx_word' id='word_1_106' title='bbox 162 1941 312 2038; x_wconf 74' lang='lat' dir='ltr'>suspitio,</span> <span class='ocrx_word' id='word_1_107' title='bbox 335 1943 476 2038; x_wconf 83' lang='lat' dir='ltr'>quaein</span> <span class='ocrx_word' id='word_1_108' title='bbox 503 1927 594 2013; x_wconf 85' lang='lat' dir='ltr'>libris</span> <span class='ocrx_word' id='word_1_109' title='bbox 617 1942 821 2038; x_wconf 73' lang='lat' dir='ltr'>degerentor:</span> <span class='ocrx_word' id='word_1_110' title='bbox 839 1940 898 2012; x_wconf 80' lang='grc' dir='ltr'>καὶ</span> <span class='ocrx_word' id='word_1_111' title='bbox 914 1941 1027 2036; x_wconf 77' lang='grc' dir='ltr'><em>νμιλτη</em></span> <span class='ocrx_word' id='word_1_112' title='bbox 1095 2019 1098 2028; x_wconf 68' lang='lat'><em>,</em></span> 
     </span>
    </p>

    <p class='ocr_par' dir='ltr' id='par_1_5' title="bbox 169 2055 1283 2278">
     <span class='ocr_line' id='line_1_14' title="bbox 340 2055 1283 2158; baseline -0.001 -25"><span class='ocrx_word' id='word_1_113' title='bbox 340 2063 382 2133; x_wconf 77' lang='grc' dir='ltr'>σέ</span> <span class='ocrx_word' id='word_1_114' title='bbox 404 2062 432 2133; x_wconf 85' lang='lat' dir='ltr'><em>T</em></span> <span class='ocrx_word' id='word_1_115' title='bbox 428 2063 496 2134; x_wconf 81' lang='grc' dir='ltr'>ΕΙΔ</span> <span class='ocrx_word' id='word_1_116' title='bbox 515 2060 640 2158; x_wconf 81' lang='grc' dir='ltr'><em>ἔχοντα</em></span> <span class='ocrx_word' id='word_1_117' title='bbox 659 2059 762 2136; x_wconf 73' lang='lat' dir='ltr'>nalo</span> <span class='ocrx_word' id='word_1_118' title='bbox 796 2055 1012 2134; x_wconf 70' lang='lat' dir='ltr'>rotonam</span> <span class='ocrx_word' id='word_1_119' title='bbox 1031 2062 1146 2152; x_wconf 87' lang='lat' dir='ltr'>vitiose</span> <span class='ocrx_word' id='word_1_120' title='bbox 1160 2062 1283 2158; x_wconf 88' lang='lat' dir='ltr'>scripta</span> 
     </span>
     <span class='ocr_line' id='line_1_15' title="bbox 169 2176 1120 2278; baseline -0.002 -28"><span class='ocrx_word' id='word_1_121' title='bbox 169 2201 243 2251; x_wconf 83' lang='lat' dir='ltr'>esse</span> <span class='ocrx_word' id='word_1_122' title='bbox 258 2205 319 2278; x_wconf 88' lang='lat' dir='ltr'>pro</span> <span class='ocrx_word' id='word_1_123' title='bbox 335 2179 379 2250; x_wconf 84' lang='grc' dir='ltr'>σὲ</span> <span class='ocrx_word' id='word_1_124' title='bbox 401 2179 495 2255; x_wconf 69' lang='lat' dir='ltr'>Tala</span> <span class='ocrx_word' id='word_1_125' title='bbox 514 2177 639 2276; x_wconf 81' lang='grc' dir='ltr'><em>ἔχοντα</em></span> <span class='ocrx_word' id='word_1_126' title='bbox 656 2176 1031 2252; x_wconf 78' lang='grc' dir='ltr'><em>ΑΑΙΟΘΡΟΝΟΝΟΡΑΙ</em></span> <span class='ocrx_word' id='word_1_127' title='bbox 1051 2179 1070 2248; x_wconf 90' lang='lat' dir='ltr'>i.</span> <span class='ocrx_word' id='word_1_128' title='bbox 1090 2204 1120 2249; x_wconf 89' lang='lat' dir='ltr'>e.</span> 
     </span>
    </p>

    <p class='ocr_par' dir='ltr' id='par_1_6' title="bbox 158 2295 1288 4389">
     <span class='ocr_line' id='line_1_16' title="bbox 339 2295 1288 2402; baseline -0.001 -34"><span class='ocrx_word' id='word_1_129' title='bbox 339 2297 494 2393; x_wconf 60' lang='lat' dir='ltr'>odrpd&#39;</span> <span class='ocrx_word' id='word_1_130' title='bbox 515 2295 640 2392; x_wconf 76' lang='grc' dir='ltr'><em>ἔχοντα</em></span> <span class='ocrx_word' id='word_1_131' title='bbox 658 2295 783 2369; x_wconf 73' lang='grc' dir='ltr'><em>Λαΐαν</em></span> <span class='ocrx_word' id='word_1_132' title='bbox 809 2296 989 2389; x_wconf 77' lang='grc' dir='ltr'><em>ὀμόνων</em></span> <span class='ocrx_word' id='word_1_133' title='bbox 1017 2297 1102 2390; x_wconf 78' lang='grc' dir='ltr'>όμᾷ</span> <span class='ocrx_word' id='word_1_134' title='bbox 1284 2391 1288 2402; x_wconf 20' lang='lat' dir='ltr'><em>l</em></span> 
     </span>
     <span class='ocr_line' id='line_1_17' title="bbox 165 2413 1285 2510; baseline 0.002 -26"><span class='ocrx_word' id='word_1_135' title='bbox 165 2413 196 2485; x_wconf 88' lang='lat' dir='ltr'>b.</span> <span class='ocrx_word' id='word_1_136' title='bbox 219 2439 248 2486; x_wconf 90' lang='lat' dir='ltr'>a.</span> <span class='ocrx_word' id='word_1_137' title='bbox 272 2419 446 2488; x_wconf 43' lang='lat' dir='ltr'>abivredit&#39;t</span> <span class='ocrx_word' id='word_1_138' title='bbox 469 2419 610 2510; x_wconf 73' lang='lat' dir='ltr'>viditque</span> <span class='ocrx_word' id='word_1_139' title='bbox 635 2433 663 2487; x_wconf 82' lang='grc' dir='ltr'>ιι</span> <span class='ocrx_word' id='word_1_140' title='bbox 689 2419 757 2486; x_wconf 76' lang='lat' dir='ltr'>bio</span> <span class='ocrx_word' id='word_1_141' title='bbox 775 2415 915 2486; x_wconf 74' lang='grc' dir='ltr'><em>οόνίιιινι</em></span> <span class='ocrx_word' id='word_1_142' title='bbox 935 2417 1010 2486; x_wconf 82' lang='lat' dir='ltr'>Laii</span> <span class='ocrx_word' id='word_1_143' title='bbox 1028 2439 1209 2507; x_wconf 69' lang='lat' dir='ltr'>requam.</span> <span class='ocrx_word' id='word_1_144' title='bbox 1238 2417 1285 2486; x_wconf 85' lang='lat' dir='ltr'>Da</span> 
     </span>
     <span class='ocr_line' id='line_1_18' title="bbox 163 2530 1285 2629; baseline 0 -27"><span class='ocrx_word' id='word_1_145' title='bbox 163 2532 326 2625; x_wconf 74' lang='grc' dir='ltr'><em>θρόνον</em></span> <span class='ocrx_word' id='word_1_146' title='bbox 349 2534 481 2629; x_wconf 79' lang='grc' dir='ltr'><em>κράτη</em></span> <span class='ocrx_word' id='word_1_147' title='bbox 499 2547 606 2606; x_wconf 86' lang='lat' dir='ltr'>autem</span> <span class='ocrx_word' id='word_1_148' title='bbox 625 2534 665 2604; x_wconf 79' lang='lat' dir='ltr'>ci.</span> <span class='ocrx_word' id='word_1_149' title='bbox 682 2532 755 2603; x_wconf 78' lang='lat' dir='ltr'>Ant.</span> <span class='ocrx_word' id='word_1_150' title='bbox 774 2533 862 2604; x_wconf 79' lang='lat'><strong>166:</strong></span> <span class='ocrx_word' id='word_1_151' title='bbox 885 2535 987 2602; x_wconf 86' lang='grc' dir='ltr'><em>τοῦτο</em></span> <span class='ocrx_word' id='word_1_152' title='bbox 1000 2531 1068 2623; x_wconf 89' lang='grc' dir='ltr'>μὲν</span> <span class='ocrx_word' id='word_1_153' title='bbox 1086 2533 1135 2602; x_wconf 80' lang='grc' dir='ltr'>τὰ</span> <span class='ocrx_word' id='word_1_154' title='bbox 1153 2530 1285 2603; x_wconf 82' lang='grc' dir='ltr'><em>Λαΐου</em></span> 
     </span>
     <span class='ocr_line' id='line_1_19' title="bbox 163 2647 1285 2748; baseline -0.002 -26"><span class='ocrx_word' id='word_1_155' title='bbox 163 2650 336 2748; x_wconf 70' lang='grc' dir='ltr'><em>σέβοντας</em></span> <span class='ocrx_word' id='word_1_156' title='bbox 351 2651 456 2733; x_wconf 67' lang='lat' dir='ltr'>eoae</span> <span class='ocrx_word' id='word_1_157' title='bbox 472 2647 511 2722; x_wconf 82' lang='grc' dir='ltr'>εὖ</span> <span class='ocrx_word' id='word_1_158' title='bbox 529 2652 698 2743; x_wconf 68' lang='grc' dir='ltr'><em>θρόνων</em></span> <span class='ocrx_word' id='word_1_159' title='bbox 715 2649 772 2720; x_wconf 73' lang='lat' dir='ltr'>aar</span> <span class='ocrx_word' id='word_1_160' title='bbox 789 2652 933 2746; x_wconf 71' lang='grc' dir='ltr'><em>κράτη,</em></span> <span class='ocrx_word' id='word_1_161' title='bbox 953 2664 984 2722; x_wconf 92' lang='lat' dir='ltr'>et</span> <span class='ocrx_word' id='word_1_162' title='bbox 999 2675 1083 2746; x_wconf 86' lang='lat' dir='ltr'>qaae</span> <span class='ocrx_word' id='word_1_163' title='bbox 1097 2649 1232 2746; x_wconf 83' lang='lat' dir='ltr'>exposui</span> <span class='ocrx_word' id='word_1_164' title='bbox 1246 2655 1285 2720; x_wconf 79' lang='lat' dir='ltr'>de</span> 
     </span>
     <span class='ocr_line' id='line_1_20' title="bbox 162 2749 1284 2863; baseline -0.002 -24"><span class='ocrx_word' id='word_1_165' title='bbox 162 2773 265 2840; x_wconf 70' lang='lat' dir='ltr'>ebert.</span> <span class='ocrx_word' id='word_1_166' title='bbox 286 2786 369 2840; x_wconf 82' lang='lat' dir='ltr'>orat.</span> <span class='ocrx_word' id='word_1_167' title='bbox 391 2749 540 2862; x_wconf 70' lang='grc' dir='ltr'>Ιςομλοολ</span> <span class='ocrx_word' id='word_1_168' title='bbox 561 2772 598 2838; x_wconf 83' lang='grc' dir='ltr'>Ρ.</span> <span class='ocrx_word' id='word_1_169' title='bbox 613 2771 660 2838; x_wconf 86' lang='grc' dir='ltr'>ΙΙ.</span> <span class='ocrx_word' id='word_1_170' title='bbox 671 2791 708 2860; x_wconf 88' lang='lat' dir='ltr'>p.</span> <span class='ocrx_word' id='word_1_171' title='bbox 725 2768 785 2856; x_wconf 85' lang='grc'>33,</span> <span class='ocrx_word' id='word_1_172' title='bbox 807 2768 914 2861; x_wconf 78' lang='lat' dir='ltr'>deque</span> <span class='ocrx_word' id='word_1_173' title='bbox 932 2767 1062 2838; x_wconf 86' lang='lat' dir='ltr'>variatis</span> <span class='ocrx_word' id='word_1_174' title='bbox 1081 2767 1284 2863; x_wconf 78' lang='lat' dir='ltr'>temporibus</span> 
     </span>
     <span class='ocr_line' id='line_1_21' title="bbox 163 2881 1282 2981; baseline -0.001 -25"><span class='ocrx_word' id='word_1_175' title='bbox 163 2886 236 2958; x_wconf 77' lang='lat' dir='ltr'>rint.</span> <span class='ocrx_word' id='word_1_176' title='bbox 259 2887 333 2958; x_wconf 70' lang='lat'>426</span> <span class='ocrx_word' id='word_1_177' title='bbox 354 2909 404 2980; x_wconf 82' lang='lat' dir='ltr'>sq.</span> <span class='ocrx_word' id='word_1_178' title='bbox 425 2886 472 2958; x_wconf 88' lang='grc' dir='ltr'>ΕΙ.</span> <span class='ocrx_word' id='word_1_179' title='bbox 493 2885 567 2958; x_wconf 80' lang='grc'>749</span> <span class='ocrx_word' id='word_1_180' title='bbox 592 2907 647 2980; x_wconf 66' lang='lat' dir='ltr'>sq„</span> <span class='ocrx_word' id='word_1_181' title='bbox 668 2884 786 2956; x_wconf 87' lang='lat' dir='ltr'>Traob.</span> <span class='ocrx_word' id='word_1_182' title='bbox 808 2886 867 2955; x_wconf 82' lang='lat'>21.</span> <span class='ocrx_word' id='word_1_183' title='bbox 890 2884 976 2956; x_wconf 79' lang='lat'><strong>259.</strong></span> <span class='ocrx_word' id='word_1_184' title='bbox 997 2884 1071 2954; x_wconf 88' lang='lat' dir='ltr'>Eur.</span> <span class='ocrx_word' id='word_1_185' title='bbox 1092 2883 1160 2981; x_wconf 87' lang='lat' dir='ltr'>ipb.</span> <span class='ocrx_word' id='word_1_186' title='bbox 1185 2881 1282 2955; x_wconf 90' lang='lat' dir='ltr'>Taur.</span> 
     </span>
     <span class='ocr_line' id='line_1_22' title="bbox 162 3000 1282 3098; baseline 0.002 -25"><span class='ocrx_word' id='word_1_187' title='bbox 162 3001 236 3074; x_wconf 74' lang='grc'>283</span> <span class='ocrx_word' id='word_1_188' title='bbox 255 3025 305 3097; x_wconf 85' lang='lat' dir='ltr'>sq.</span> <span class='ocrx_word' id='word_1_189' title='bbox 325 3004 392 3074; x_wconf 87' lang='lat' dir='ltr'>lon.</span> <span class='ocrx_word' id='word_1_190' title='bbox 411 3000 508 3075; x_wconf 81' lang='lat'><strong>1209</strong></span> <span class='ocrx_word' id='word_1_191' title='bbox 527 3024 578 3098; x_wconf 86' lang='lat' dir='ltr'>sq.</span> <span class='ocrx_word' id='word_1_192' title='bbox 603 3005 762 3075; x_wconf 85' lang='lat' dir='ltr'>Porsen.</span> <span class='ocrx_word' id='word_1_193' title='bbox 778 3003 822 3074; x_wconf 86' lang='lat' dir='ltr'>ad</span> <span class='ocrx_word' id='word_1_194' title='bbox 839 3003 914 3073; x_wconf 88' lang='lat' dir='ltr'>Eur.</span> <span class='ocrx_word' id='word_1_195' title='bbox 931 3003 1009 3075; x_wconf 84' lang='lat' dir='ltr'>Hee.</span> <span class='ocrx_word' id='word_1_196' title='bbox 1026 3005 1086 3073; x_wconf 78' lang='lat'>21.</span> <span class='ocrx_word' id='word_1_197' title='bbox 1107 3002 1145 3074; x_wconf 90' lang='lat' dir='ltr'>G.</span> <span class='ocrx_word' id='word_1_198' title='bbox 1158 3002 1282 3075; x_wconf 84' lang='lat' dir='ltr'>Wottt</span> 
     </span>
     <span class='ocr_line' id='line_1_23' title="bbox 162 3117 1283 3218; baseline 0 -28"><span class='ocrx_word' id='word_1_199' title='bbox 162 3119 204 3190; x_wconf 89' lang='lat' dir='ltr'>ad</span> <span class='ocrx_word' id='word_1_200' title='bbox 221 3118 326 3217; x_wconf 87' lang='lat' dir='ltr'>Sopb.</span> <span class='ocrx_word' id='word_1_201' title='bbox 342 3121 390 3192; x_wconf 76' lang='lat' dir='ltr'>At.</span> <span class='ocrx_word' id='word_1_202' title='bbox 407 3123 466 3194; x_wconf 91' lang='grc'>31.</span> <span class='ocrx_word' id='word_1_203' title='bbox 487 3120 677 3194; x_wconf 84' lang='lat' dir='ltr'>Matthiae</span> <span class='ocrx_word' id='word_1_204' title='bbox 694 3122 749 3194; x_wconf 86' lang='lat' dir='ltr'>Gr.</span> <span class='ocrx_word' id='word_1_205' title='bbox 766 3121 821 3192; x_wconf 90' lang='lat' dir='ltr'>Gr.</span> <span class='ocrx_word' id='word_1_206' title='bbox 837 3145 870 3218; x_wconf 93' lang='lat' dir='ltr'>p.</span> <span class='ocrx_word' id='word_1_207' title='bbox 887 3117 997 3193; x_wconf 90' lang='grc'><strong>1136.</strong></span> <span class='ocrx_word' id='word_1_208' title='bbox 1040 3120 1108 3193; x_wconf 86' lang='lat' dir='ltr'>Sed</span> <span class='ocrx_word' id='word_1_209' title='bbox 1128 3121 1283 3192; x_wconf 89' lang='lat' dir='ltr'>iibrorurn</span> 
     </span>
     <span class='ocr_line' id='line_1_24' title="bbox 161 3229 1284 3335; baseline 0.002 -28"><span class='ocrx_word' id='word_1_210' title='bbox 161 3237 356 3334; x_wconf 82' lang='lat' dir='ltr'>seripturam</span> <span class='ocrx_word' id='word_1_211' title='bbox 373 3263 439 3310; x_wconf 89' lang='lat' dir='ltr'>non</span> <span class='ocrx_word' id='word_1_212' title='bbox 459 3239 678 3335; x_wconf 77' lang='lat' dir='ltr'>temptandam</span> <span class='ocrx_word' id='word_1_213' title='bbox 697 3239 892 3310; x_wconf 82' lang='lat' dir='ltr'>coniecturis</span> <span class='ocrx_word' id='word_1_214' title='bbox 911 3263 987 3311; x_wconf 85' lang='lat' dir='ltr'>essa</span> <span class='ocrx_word' id='word_1_215' title='bbox 1005 3229 1179 3310; x_wconf 86' lang='lat' dir='ltr'>existimo.¹</span> <span class='ocrx_word' id='word_1_216' title='bbox 1205 3241 1284 3312; x_wconf 90' lang='lat' dir='ltr'>Cum</span> 
     </span>
     <span class='ocr_line' id='line_1_25' title="bbox 158 3351 1285 3452; baseline 0.002 -28"><span class='ocrx_word' id='word_1_217' title='bbox 158 3377 286 3450; x_wconf 75' lang='lat' dir='ltr'>somma</span> <span class='ocrx_word' id='word_1_218' title='bbox 310 3357 394 3426; x_wconf 88' lang='lat' dir='ltr'>enim</span> <span class='ocrx_word' id='word_1_219' title='bbox 418 3357 600 3428; x_wconf 84' lang='lat' dir='ltr'>sententiae</span> <span class='ocrx_word' id='word_1_220' title='bbox 623 3357 828 3428; x_wconf 77' lang='lat' dir='ltr'>contineatur</span> <span class='ocrx_word' id='word_1_221' title='bbox 844 3356 953 3428; x_wconf 86' lang='lat' dir='ltr'>verbis</span> <span class='ocrx_word' id='word_1_222' title='bbox 976 3355 1036 3427; x_wconf 75' lang='lat' dir='ltr'>aa?</span> <span class='ocrx_word' id='word_1_223' title='bbox 1057 3357 1170 3452; x_wconf 75' lang='grc' dir='ltr'><em>κράτη</em></span> <span class='ocrx_word' id='word_1_224' title='bbox 1192 3356 1237 3427; x_wconf 81' lang='grc' dir='ltr'>σέ</span> <span class='ocrx_word' id='word_1_225' title='bbox 1254 3351 1285 3426; x_wconf 77' lang='grc' dir='ltr'>τ’</span> 
     </span>
     <span class='ocr_line' id='line_1_26' title="bbox 162 3467 1286 3570; baseline 0.005 -30"><span class='ocrx_word' id='word_1_226' title='bbox 162 3467 227 3541; x_wconf 80' lang='lat' dir='ltr'>eid’</span> <span class='ocrx_word' id='word_1_227' title='bbox 250 3467 387 3565; x_wconf 79' lang='grc' dir='ltr'><em>ἔχοντα,</em></span> <span class='ocrx_word' id='word_1_228' title='bbox 415 3473 562 3570; x_wconf 74' lang='lat' dir='ltr'>adiungit</span> <span class='ocrx_word' id='word_1_229' title='bbox 579 3473 705 3549; x_wconf 85' lang='lat' dir='ltr'>iooasta</span> <span class='ocrx_word' id='word_1_230' title='bbox 730 3475 893 3566; x_wconf 72' lang='lat' dir='ltr'>paratoni</span> <span class='ocrx_word' id='word_1_231' title='bbox 918 3497 1016 3568; x_wconf 86' lang='lat' dir='ltr'>qoam</span> <span class='ocrx_word' id='word_1_232' title='bbox 1036 3475 1148 3546; x_wconf 85' lang='lat' dir='ltr'>dieunt</span> <span class='ocrx_word' id='word_1_233' title='bbox 1164 3475 1286 3546; x_wconf 83' lang='lat' dir='ltr'>oratio·</span> 
     </span>
     <span class='ocr_line' id='line_1_27' title="bbox 162 3587 1284 3684; baseline 0.004 -26"><span class='ocrx_word' id='word_1_234' title='bbox 162 3589 227 3659; x_wconf 90' lang='lat' dir='ltr'>nis:</span> <span class='ocrx_word' id='word_1_235' title='bbox 251 3589 354 3660; x_wconf 80' lang='grc' dir='ltr'><em>Λόϊόν</em></span> <span class='ocrx_word' id='word_1_236' title='bbox 377 3589 406 3658; x_wconf 81' lang='grc' dir='ltr'>τ’</span> <span class='ocrx_word' id='word_1_237' title='bbox 425 3587 593 3680; x_wconf 77' lang='grc' dir='ltr'><em>ὀλωλότα,</em></span> <span class='ocrx_word' id='word_1_238' title='bbox 624 3591 711 3684; x_wconf 89' lang='lat' dir='ltr'>qnod</span> <span class='ocrx_word' id='word_1_239' title='bbox 735 3589 877 3664; x_wconf 80' lang='lat' dir='ltr'>debebat</span> <span class='ocrx_word' id='word_1_240' title='bbox 900 3591 1065 3663; x_wconf 71' lang='lat' dir='ltr'>enuntiato</span> <span class='ocrx_word' id='word_1_241' title='bbox 1089 3592 1284 3663; x_wconf 85' lang='lat' dir='ltr'>secundario</span> 
     </span>
     <span class='ocr_line' id='line_1_28' title="bbox 161 3705 1284 3806; baseline 0.004 -30"><span class='ocrx_word' id='word_1_242' title='bbox 161 3715 362 3802; x_wconf 81' lang='lat' dir='ltr'>exprimere:</span> <span class='ocrx_word' id='word_1_243' title='bbox 386 3705 514 3778; x_wconf 83' lang='grc' dir='ltr'><em>λαΐοο</em></span> <span class='ocrx_word' id='word_1_244' title='bbox 536 3707 760 3798; x_wconf 77' lang='grc' dir='ltr'><em>ὀλωλότος,</em></span> <span class='ocrx_word' id='word_1_245' title='bbox 783 3709 816 3780; x_wconf 91' lang='lat' dir='ltr'>id</span> <span class='ocrx_word' id='word_1_246' title='bbox 834 3709 922 3804; x_wconf 87' lang='lat' dir='ltr'>qood</span> <span class='ocrx_word' id='word_1_247' title='bbox 941 3709 1074 3806; x_wconf 84' lang='lat' dir='ltr'>saepius</span> <span class='ocrx_word' id='word_1_248' title='bbox 1093 3708 1179 3781; x_wconf 86' lang='lat' dir='ltr'>soiet</span> <span class='ocrx_word' id='word_1_249' title='bbox 1197 3709 1284 3800; x_wconf 85' lang='lat' dir='ltr'>fieri3</span> 
     </span>
     <span class='ocr_line' id='line_1_29' title="bbox 159 3823 1284 3921; baseline 0.003 -27"><span class='ocrx_word' id='word_1_250' title='bbox 159 3823 542 3896; x_wconf 75' lang='lat' dir='ltr'>oi.Eur.Herael.132:</span> <span class='ocrx_word' id='word_1_251' title='bbox 566 3823 627 3896; x_wconf 86' lang='grc' dir='ltr'>σὸν</span> <span class='ocrx_word' id='word_1_252' title='bbox 649 3825 695 3921; x_wconf 73' lang='grc' dir='ltr'>ὀὴ</span> <span class='ocrx_word' id='word_1_253' title='bbox 719 3825 757 3896; x_wconf 82' lang='grc' dir='ltr'>τὸ</span> <span class='ocrx_word' id='word_1_254' title='bbox 779 3826 924 3921; x_wconf 76' lang='grc' dir='ltr'><em>μμόζειν</em></span> <span class='ocrx_word' id='word_1_255' title='bbox 947 3824 1020 3896; x_wconf 77' lang='grc' dir='ltr'><em>ἐστὶ</em></span> <span class='ocrx_word' id='word_1_256' title='bbox 1038 3826 1096 3921; x_wconf 82' lang='grc' dir='ltr'>μὴ</span> <span class='ocrx_word' id='word_1_257' title='bbox 1117 3825 1284 3917; x_wconf 84' lang='grc' dir='ltr'><em>μέλλειν</em></span> 
     </span>
     <span class='ocr_line' id='line_1_30' title="bbox 160 3939 1284 4038; baseline 0.004 -28"><span class='ocrx_word' id='word_1_258' title='bbox 160 3940 192 4010; x_wconf 70' lang='grc' dir='ltr'>τ’</span> <span class='ocrx_word' id='word_1_259' title='bbox 211 3939 299 4032; x_wconf 75' lang='grc' dir='ltr'><em>ἐμοί.</em></span> <span class='ocrx_word' id='word_1_260' title='bbox 334 3941 489 4038; x_wconf 76' lang='lat' dir='ltr'>tdiungtt</span> <span class='ocrx_word' id='word_1_261' title='bbox 511 3955 618 4014; x_wconf 90' lang='lat' dir='ltr'>autem</span> <span class='ocrx_word' id='word_1_262' title='bbox 641 3943 768 4016; x_wconf 81' lang='lat' dir='ltr'>Iocasta</span> <span class='ocrx_word' id='word_1_263' title='bbox 792 3942 928 4032; x_wconf 83' lang='lat' dir='ltr'>ideireo,</span> <span class='ocrx_word' id='word_1_264' title='bbox 953 3956 987 4014; x_wconf 88' lang='lat' dir='ltr'>ut</span> <span class='ocrx_word' id='word_1_265' title='bbox 1005 3969 1077 4016; x_wconf 82' lang='lat' dir='ltr'>oum</span> <span class='ocrx_word' id='word_1_266' title='bbox 1097 3945 1126 4015; x_wconf 88' lang='lat' dir='ltr'>vi</span> <span class='ocrx_word' id='word_1_267' title='bbox 1143 3944 1284 4038; x_wconf 86' lang='lat' dir='ltr'>quadam</span> 
     </span>
     <span class='ocr_line' id='line_1_31' title="bbox 159 4058 1285 4158; baseline 0.004 -30"><span class='ocrx_word' id='word_1_268' title='bbox 159 4058 318 4130; x_wconf 84' lang='lat' dir='ltr'>orationis</span> <span class='ocrx_word' id='word_1_269' title='bbox 335 4073 468 4130; x_wconf 67' lang='lat' dir='ltr'>musam</span> <span class='ocrx_word' id='word_1_270' title='bbox 487 4061 659 4158; x_wconf 67' lang='lat' dir='ltr'>signifieat„</span> <span class='ocrx_word' id='word_1_271' title='bbox 684 4085 748 4156; x_wconf 90' lang='lat' dir='ltr'>qna</span> <span class='ocrx_word' id='word_1_272' title='bbox 766 4061 904 4132; x_wconf 81' lang='lat' dir='ltr'>maxime</span> <span class='ocrx_word' id='word_1_273' title='bbox 922 4061 1085 4133; x_wconf 86' lang='lat' dir='ltr'>addoetns</span> <span class='ocrx_word' id='word_1_274' title='bbox 1102 4086 1217 4133; x_wconf 85' lang='lat' dir='ltr'>servus</span> <span class='ocrx_word' id='word_1_275' title='bbox 1236 4063 1285 4133; x_wconf 82' lang='lat' dir='ltr'>io-</span> 
     </span>
     <span class='ocr_line' id='line_1_32' title="bbox 158 4176 1285 4276; baseline 0.003 -29"><span class='ocrx_word' id='word_1_276' title='bbox 158 4176 232 4266; x_wconf 77' lang='lat' dir='ltr'>am’t,</span> <span class='ocrx_word' id='word_1_277' title='bbox 246 4189 280 4247; x_wconf 87' lang='lat' dir='ltr'>ot</span> <span class='ocrx_word' id='word_1_278' title='bbox 298 4177 363 4248; x_wconf 88' lang='lat' dir='ltr'>rori</span> <span class='ocrx_word' id='word_1_279' title='bbox 382 4189 448 4248; x_wconf 88' lang='lat' dir='ltr'>tom</span> <span class='ocrx_word' id='word_1_280' title='bbox 462 4177 557 4248; x_wconf 88' lang='lat' dir='ltr'>vitam</span> <span class='ocrx_word' id='word_1_281' title='bbox 577 4178 699 4276; x_wconf 68' lang='lat' dir='ltr'>degero</span> <span class='ocrx_word' id='word_1_282' title='bbox 716 4177 837 4252; x_wconf 83' lang='lat' dir='ltr'>maliet.</span> <span class='ocrx_word' id='word_1_283' title='bbox 866 4178 1035 4251; x_wconf 79' lang='lat' dir='ltr'>Adductos</span> <span class='ocrx_word' id='word_1_284' title='bbox 1053 4193 1103 4252; x_wconf 85' lang='lat' dir='ltr'>est</span> <span class='ocrx_word' id='word_1_285' title='bbox 1121 4179 1206 4252; x_wconf 86' lang='lat' dir='ltr'>anim</span> <span class='ocrx_word' id='word_1_286' title='bbox 1225 4181 1285 4250; x_wconf 58' lang='lat' dir='ltr'>im*</span> 
     </span>
     <span class='ocr_line' id='line_1_33' title="bbox 163 4293 1284 4389; baseline 0.004 -25"><span class='ocrx_word' id='word_1_287' title='bbox 163 4293 277 4389; x_wconf 84' lang='lat' dir='ltr'>primis</span> <span class='ocrx_word' id='word_1_288' title='bbox 299 4295 447 4366; x_wconf 82' lang='lat' dir='ltr'>anstinoti</span> <span class='ocrx_word' id='word_1_289' title='bbox 473 4295 604 4386; x_wconf 79' lang='lat' dir='ltr'>domini,</span> <span class='ocrx_word' id='word_1_290' title='bbox 636 4297 688 4368; x_wconf 86' lang='lat' dir='ltr'>edi</span> <span class='ocrx_word' id='word_1_291' title='bbox 710 4309 798 4368; x_wconf 81' lang='lat' dir='ltr'>totus</span> <span class='ocrx_word' id='word_1_292' title='bbox 823 4297 953 4368; x_wconf 83' lang='lat' dir='ltr'>deditos</span> <span class='ocrx_word' id='word_1_293' title='bbox 977 4298 1089 4387; x_wconf 83' lang='lat' dir='ltr'>fuerat,</span> <span class='ocrx_word' id='word_1_294' title='bbox 1120 4296 1284 4369; x_wconf 86' lang='lat' dir='ltr'>desiderio</span> 
     </span>
    </p>
   </div>
   <div class='ocr_carea' id='block_1_5' title="bbox 0 0 1462 4820">
    <p class='ocr_par' dir='ltr' id='par_1_7' title="bbox 0 0 1462 4820">
     <span class='ocr_line' id='line_1_34' title="bbox 0 0 1462 4820; baseline 0 0"><span class='ocrx_word' id='word_1_295' title='bbox 0 0 1462 4820; x_wconf 95' lang='lat' dir='ltr'> </span> 
     </span>
    </p>
   </div>
  </div>
 </body>
</html>
