2914 4820
202 309 250 378 20

200 525 370 618 ουμένοις,
394 526 506 624 inquit,
528 528 614 598 nield
636 552 709 598 com
730 528 856 621 Μοτύι,
880 531 962 600 dean
985 544 1069 600 ronst
1092 537 1205 600 mdeste
1224 529 1311 624 Pers.
1436 581 1437 640 γ

122 701 124 708 1
202 649 279 718 oder
296 647 402 716 dorist
423 647 539 735 stelen,
555 651 694 718 scadan
715 672 778 718 con
801 639 870 718 dem
892 649 984 718 κοιλ
1000 651 1313 742 [ortdocernden

200 765 331 836 Frecel
346 763 492 854 (275)ss
526 765 633 864 Atque
658 779 691 838 ut
713 778 803 838 recte
826 765 1026 864 significetur
1043 766 1211 838 universae
1230 766 1312 840 vitae
1437 783 1438 872 γ

202 883 357 973 dedecus,
380 882 508 956 illamne
534 898 630 981 putas
656 883 720 956 dici
748 909 848 981 possa
875 909 1056 982 quaecum
1080 885 1215 957 maxima
1237 898 1314 982 agat

203 997 414 1074 deridere?
466 1001 621 1074 Nimirum
648 1005 830 1094 gloriamur
854 1003 984 1076 scelesti
1011 1003 1157 1084 homiues
1182 1003 1312 1101 flagitiis

201 1121 305 1218 iisque
328 1123 499 1210 laetantur,
523 1145 586 1192 nou
610 1119 716 1193 solent
736 1123 885 1192 irridere:
910 1121 958 1192 rai
976 1121 1082 1193 irrisio
1100 1135 1221 1221 pugnat
1240 1144 1312 1194 cum

201 1238 417 1312 delectatione
435 1237 533 1310 animi
550 1253 583 1311 et
600 1239 772 1336 magnifico
789 1238 990 1312 sollemnium
1006 1240 1128 1312 dierum
1142 1231 1309 1339 apparatu.

202 1359 313 1455 ltaque
328 1357 458 1428 verbum
478 1354 622 1452 ἐγγελᾶν
639 1357 681 1430 ab
700 1357 763 1429 hcc
781 1357 854 1431 luco
867 1357 1005 1430 alienum
1021 1383 1083 1430 ncn
1099 1384 1233 1456 possum
1247 1385 1313 1432 non

201 1477 321 1548 dicere.
345 1475 591 1573 Exspectaveris
604 1475 727 1567 ὥσπερ
740 1473 1019 1573 ἀγαλλομένη,
1034 1475 1083 1549 val
1096 1477 1310 1573 καυχωμέ-

201 1620 246 1690 νη
267 1591 324 1664 ἐπὶ
342 1597 413 1676 τοῖς
428 1593 656 1686 ποιουμένοις,
676 1594 717 1665 ci.
738 1593 810 1666 Ant.
832 1595 904 1666 482
925 1619 1015 1693 sqq.:
1035 1591 1218 1692 ύβριςδ,
1235 1595 1312 1668 ἐπεῖ
1439 1579 1440 1598 ³

200 1713 383 1805 δέδρακεν,
397 1713 463 1808 ἥδε
476 1712 639 1805 δευτέρα,
653 1712 816 1794 τούτοις
827 1711 1023 1808 ἐπαυχεῖν
1035 1711 1094 1784 καλ
1104 1715 1313 1808 δεδρακυῖαν

201 1832 314 1926 γελᾶν.
349 1831 418 1903 Nec
436 1830 566 1903 multum
584 1832 771 1929 proficeres,
788 1831 816 1903 si
835 1831 935 1904 velles
953 1832 1136 1930 corrigere:

352 1949 426 2020 ἀλλ’
447 1948 619 2043 ὡσπερεὶ
641 1949 818 2044 γελῶσα
841 1952 912 2030 τοῖς
932 1949 1159 2042 ποιουμένοις,

201 2069 241 2142 ol.
258 2069 347 2142 Aiao.
364 2069 448 2141 961:
469 2067 504 2140 ol
518 2067 551 2140 δ’
567 2065 629 2141 οὖν
645 2069 860 2162 γελώντων
874 2065 1149 2162 κᾶπιχαιρύντονν
1163 2071 1311 2151 κακοῖς

200 2192 270 2270 τοῖς
290 2189 403 2260 τοῦδε.
427 2187 475 2259 ΕΙ.
496 2189 585 2261 88οε
609 2185 693 2259 κάπὶ
715 2190 786 2268 τοῖς
805 2192 937 2283 σαυτῆς
956 2187 1118 2259 κακοῖσι
1139 2185 1222 2258 κάπὶ
1242 2190 1312 2269 τοῖς

201 2306 320 2398 ἐμοῖς
334 2307 466 2400 γελᾷς.
492 2306 565 2377 Eur.
582 2306 657 2378 Tro.
673 2307 762 2378 406:
785 2308 837 2386 ὡς
852 2304 972 2401 ἡδέως
986 2308 1172 2377 κακοῖσιν
1189 2303 1311 2377 οἰκεῖ-

201 2448 264 2506 οις
283 2425 415 2520 γελᾷς.
446 2424 565 2496 desch.
585 2423 731 2523 Choeph.
752 2426 841 2496 222:
863 2423 936 2494 ἀλλ’
954 2421 992 2496 ἐν
1009 2425 1169 2495 κακοῖσι
1186 2425 1257 2506 τοῖς
1275 2422 1311 2494 ἐ-

197 2547 277 2636 μοῖς
291 2544 414 2638 γελᾶν
431 2540 556 2627 δέλεις,
575 2543 726 2641 quoniam
740 2567 781 2614 ne
794 2541 897 2636 γελᾶν
910 2533 1038 2641 quidam
1053 2542 1137 2612 omni
1152 2541 1312 2615 irrisionis

201 2661 436 2760 significatione
454 2676 553 2734 caret.
589 2661 701 2760 Neque
720 2660 774 2732 illo
793 2686 888 2759 quem
906 2687 1005 2760 supra
1023 2659 1111 2734 attuli
1130 2661 1312 2759 Antigonae

201 2780 275 2853 icco
298 2785 343 2871 (v.
360 2781 468 2870 483);
490 2776 549 2851 καλ
570 2780 822 2872 δεδρακυῖαν
844 2779 983 2874 γελᾶν,
1006 2783 1169 2872 gloriandi
1185 2781 1247 2852 vim
1270 2805 1312 2852 ac

200 2902 402 2993 superbiendi
417 2899 521 2992 γελᾶν
538 2897 646 2989 habet,
660 2899 719 2970 sed
738 2899 846 2996 potius
864 2901 974 2971 ασαύι
992 2903 1172 2991 castigandi
1188 2917 1217 2972 et
1234 2902 1313 2972 irri-

202 3021 311 3108 δοκῶ,
333 3031 445 3115 aperte
464 3017 547 3089 enim
565 3020 670 3090 Creon
689 3019 730 3091 de
749 3018 787 3089 iis
806 3017 941 3090 maxime
959 3017 1090 3115 cogitat,
1114 3044 1197 3115 quae
1220 3019 1313 3090 Anti·

201 3164 288 3236 gona
306 3136 337 3207 in
357 3135 419 3208 fine
437 3136 593 3208 orationis
612 3137 736 3211 dixerat
750 3165 777 3209 v.
794 3137 867 3210 469
886 3157 955 3234 sq.:
971 3134 1028 3207 coi
1044 3135 1077 3207 δ’
1095 3133 1128 3206 ελ
1141 3137 1235 3208 δοκῶ
1253 3140 1311 3209 νύν

197 3263 305 3350 μῶρα
330 3257 452 3347 δρῶσα
479 3256 667 3350 τυγχάνειν,
699 3255 823 3352 σχεδόν
853 3279 882 3326 τι
907 3255 1023 3350 μώρῳ
1051 3253 1190 3347 μωρίαν
1219 3254 1310 3350 ὀφλι·

201 3375 329 3446 uadum.
356 3374 473 3471 Aptum
487 3401 564 3447 vero
578 3389 667 3450 esset
680 3372 871 3469 ἐγγελῶσα,
890 3375 918 3446 si
933 3399 993 3472 pro
1011 3376 1081 3454 τοῖς
1095 3371 1314 3466 ποιουμένοις

195 3494 399 3566 ‚scriberetur
416 3495 486 3574 τοῖς
501 3491 788 3586 πονουμένοις,
811 3493 843 3565 h.
864 3519 893 3565 e.
914 3495 1006 3587 quusi
1022 3495 1228 3564 irridentem
1245 3493 1312 3587 qui

182 3617 186 3626 ’
202 3618 385 3687 laborant
405 3615 661 3707 aegritudine.
690 3610 903 3684 laborantem
918 3624 1024 3684 autem
1040 3636 1103 3682 non
1118 3611 1226 3708 inepte
1240 3611 1312 3708 cpi·

114 3765 116 3772 ’
202 3759 261 3805 nur
284 3747 386 3806 semet
410 3734 513 3832 ipsam
537 3731 738 3831 potissimum
761 3730 886 3805 Electra
911 3730 1127 3829 significaret;
1155 3731 1195 3802 ol.
1219 3731 1311 3802 807:

201 3851 275 3922 ἀλλ’
288 3849 501 3946 ἐγγελῶσα
518 3851 683 3947 φροῦδος.
703 3849 816 3922 1153:
837 3849 987 3944 γελῶσι
1004 3848 1037 3920 δ’
1047 3845 1180 3944 έχδροῖ.
1201 3847 1312 3921 1295:

200 3973 411 4066 γελῶντας
427 3970 582 4069 ἐχθρούς
597 3969 775 4062 παύσομεν
793 3975 836 4066 τῇ
853 3973 910 4041 νῦν
926 3970 1014 4064 ὁδῷ,
1038 3981 1070 4041 et
1092 3968 1133 4040 de
1151 3980 1312 4064 potestate
1442 4053 1443 4061 γ

201 4092 360 4190 participii
383 4091 597 4184 πονούμενος
612 4092 683 4163 vide
701 4090 817 4163 Trach.
839 4089 927 4163 985:
950 4089 1048 4181 παρὰ
1071 4089 1154 4158 τοῖσι
1173 4086 1314 4185 βροτῶν

199 4213 312 4304 κεῖμαι
338 4208 630 4306 πεπονημένος
651 4208 872 4304 ᾶλλήκτοις
894 4206 1072 4288 ὀδύναις.
1117 4205 1310 4304 Krueger.

199 4329 350 4400 adl'huc.
366 4329 401 4418 ΙΙ,
415 4329 475 4418 51,
489 4330 523 4398 4.
551 4328 663 4424 Neque
681 4351 869 4423 spernerem
889 4326 972 4398 hano
991 4327 1220 4412 coniecturam,
1239 4349 1311 4396 oum
